2654 4988
385 400 503 422 ...-
553 364 627 452 454
655 393 796 418 -.........

69 536 203 612 tissima
229 535 307 611 eiua
331 549 437 632 parte
461 528 756 630 per-'sublimius
771 549 888 628 genus
911 528 1122 634 instituti&
1174 490 1181 512 '

67 641 120 712 nis
144 656 299 710 servam.
351 641 409 707 De
435 634 602 730 portibus
629 637 769 712 notisve
791 629 952 708 notionis
985 634 1113 732 magis,

67 765 175 840 quam
201 741 250 812 de
274 741 419 812 nomine
446 738 643 810 videndum
669 752 734 808 est.

140 883 196 947 Ac
221 873 266 945 de
291 872 486 970 praeconio
508 871 653 944 Ioannis
679 875 741 961 Bs,
771 865 982 968 praefamen
1007 875 1114 944 Ioan-

68 977 121 1049 nis
146 983 188 1048 E.
217 977 262 1047 de
289 977 556 1048 antemundana
582 991 800 1068 aeternaque
816 972 942 1074 λόγου
959 975 996 1046 in
1013 977 1115 1046 Chri·

69 1095 123 1150 sto
148 1080 302 1150 homine
328 1095 455 1150 natura
487 1091 680 1148 revocante
712 1076 752 1146 in
785 1076 1021 1166 memoriam,
1058 1101 1117 1148 su·

68 1205 130 1276 pra
155 1181 265 1275 (inpr.
299 1205 335 1276 p.
373 1181 446 1270 76.)
481 1178 726 1250 disseruimus.
790 1183 869 1247 Nec
902 1193 1024 1250 tamen
1059 1179 1117 1251 hi-

68 1282 200 1355 storica
221 1279 363 1356 interiit
386 1279 669 1367 antecessoribus
694 1277 969 1351 convenientior
988 1280 1117 1354 adum·

69 1382 207 1470 bratio,
261 1383 395 1455 Christi
427 1381 559 1478 spiritu
592 1381 717 1451 diuino
751 1379 859 1451 tincti
892 1397 948 1471 et,
996 1381 1117 1480 inspe-

34 1520 37 1530 2
70 1503 189 1557 etanta
215 1505 468 1580 praecursore,
504 1485 550 1554 ad
568 1483 800 1555 'Messianum
831 1507 966 1554 munus
990 1508 1117 1558 conse·

71 1588 167 1657 crati.
184 1613 232 1676 a,
260 1609 304 1673 52
330 1627 382 1645 -·
404 1599 464 1676 34.
530 1583 636 1682 Quod
662 1585 811 1681 quidem
839 1583 870 1656 si
895 1587 940 1656 ad
965 1589 1116 1687 Prologi

69 1689 217 1760 Ioannei
242 1697 424 1760 summam
449 1687 665 1770 contuleris,
706 1685 771 1756 vix
793 1686 955 1784 requires
984 1690 1030 1759 ad
1048 1689 1120 1762 'ness

71 1815 135 1861 xus
158 1790 455 1887 aequabilitatem
463 1811 474 1872 ;
500 1813 585 1860 nam
611 1786 735 1858 divina
759 1805 899 1876 natura,
925 1790 1035 1862 coelis
1059 1793 1119 1864 de.

71 1893 177 1964 missa
212 1893 256 1962 ad
291 1893 566 1987 praedicandam
595 1889 1009 1988 communicandamque
1032 1919 1118 1972 cum

72 1994 289 2064 mortalibus
312 1994 570 2088 sempiternam
594 1993 736 2080 lucem,
762 1993 977 2081 veritatem,
1003 1995 1119 2072 vitam

73 2095 130 2166 cui
155 2097 305 2167 tandem
330 2095 477 2191 spiritus
509 2094 683 2164 unctione
700 2092 820 2194 ¹quasi
851 2097 1033 2194 singulari
1059 2101 1120 2171 ad·

73 2195 240 2269 iumento
278 2219 385 2291 egere
424 2194 642 2268 videbitur?
709 2195 803 2286 (Pari
841 2197 981 2270 ratione
1022 2205 1119 2272 Mat·

74 2299 199 2370 thaeus
227 2315 264 2369 et
289 2303 404 2370 Lucas
436 2297 583 2390 spiritus
608 2297 819 2369 interventu
843 2316 972 2372 natum
996 2303 1118 2375 Iesum

74 2423 136 2494 per
161 2399 397 2495 'baptismum
428 2399 614 2470 Messiano
646 2400 793 2469 muneri
823 2401 1009 2472 initiatum
1040 2429 1120 2476 nar·

76 2520 152 2573 rant
192 2507 326 2575 iterato
371 2501 444 2574 Dei
484 2519 590 2591 octu,·
637 2500 808 2598 spiritum
849 2503 895 2574 de
934 2527 998 2575 sua
1034 2509 1120 2580 sede

75 2604 280 2694 mittentia.)

147 2737 280 2834 Magni
312 2735 483 2836 ponderis
519 2753 574 2814 est
608 2736 672 2834 (de
705 2759 779 2838 quo
812 2763 920 2836 supra
954 2739 1122 2840 exposui·

76 2843 189 2936 mus),
224 2841 457 2937 praeconium
483 2843 708 2938 μετανοίας,
748 2840 963 2937 primarium
999 2845 1122 2940 Bapti-

76 2957 164 3032 stae,
201 2943 356 3014 maximi
387 2961 471 3016 ante
495 2944 668 3016 Messinm
695 2946 910 3040 prophetae,
954 2939 1121 3020 officium

76 3039 114 3113 in
150 3048 311 3117 Ioanneo
345 3041 441 3118 libro
480 3046 602 3118 taceri.
672 3045 855 3117 Iudaicam
891 3043 1051 3120 formam
1084 3066 1123 3122 et

77 3143 257 3219 sentiendi
279 3148 579 3219 consuetudinem
606 3141 710 3220 exuit
737 3145 978 3246 Evangelista.
1035 3158 1124 3222 Ver-

76 3241 120 3316 ba
145 3243 341 3342 μετανοεῖν
368 3266 406 3320 et
430 3247 634 3339 μετανοίας
656 3237 789 3322 fmstra
815 3273 973 3346 quaeres.
992 3253 1122 3348 (Quo-

77 3370 157 3420 rum
178 3352 272 3422 'illud
295 3346 489 3423 itentidem
514 3352 606 3452 legis
631 3351 672 3426 in
690 3349 920 3448 Apocalypsi,
944 3349 1120 3430 subsunt.

76 3467 150 3522 non
175 3453 295 3524 adest:
322 3449 506 3548 fortuito.)
826 3445 829 3454 ¹

149 3585 373 3660 Messianam
406 3585 624 3685 dignitatem
664 3603 703 3658 et
738 3587 917 3664 Ioanneus
958 3589 1121 3668 Christus

78 3696 213 3762 tuetur.
247 3723 298 3746 -
330 3693 387 3762 De
418 3688 576 3760 introitu
608 3689 649 3758 in
680 3691 871 3785 capitalem
906 3690 1037 3766 urbem
1062 3719 1123 3768 so·

78 3783 211 3877 lemni,
237 3807 368 3864 ovante
391 3791 552 3886 populo,
589 3790 747 3862 diximus
774 3802 824 3888 (p.
857 3818 926 3888 ¹²9
953 3801 1040 3891 sq),
1067 3823 1123 3869 re·

79 3907 206 3979 spectu
225 3894 272 3962 ad
293 3910 463 3988 quartum
487 3892 757 3988 Evangelistam
782 3905 858 3985 (ro,
889 3921 929 3970 aa
952 3903 1029 3993 sq),
1056 3899 1121 3995 qui

79 3984 117 4056 in
141 3993 177 4064 h.
203 4017 308 4066 causa
335 3995 529 4090 paululum
563 3991 714 4066 discedit
740 4021 760 4066 a
785 3997 913 4069 vicinis
939 4001 1124 4096 scriptori·

79 4082 166 4178 bus,
213 4095 331 4190 deque
369 4095 494 4168 indole
535 4095 749 4168 narrationis
785 4100 830 4170 ad
872 4099 1122 4176 declarandam

79 4186 295 4275 Meuianum
315 4198 557 4296 provinciam.
584 4229 640 4258 n·-
667 4199 902 4274 Nathanaelia
926 4227 1057 4278 vocem
1086 4231 1122 4294 ι,
