2576 4994
340 355 463 382 *¹¹¹¹-
514 339 585 392 ΙΟΙ
639 353 782 400 ··!·‚···=

47 491 148 590 plene
159 485 293 566 ,divine
314 483 532 576 fortitnffine
551 485 725 586 castigans
748 485 889 561 malurn
909 483 1073 562 enimam

49 595 136 664 bona
161 591 276 670 verba
294 588 513 679 iactantem,
542 589 636 662 nihil
669 612 795 664 curam
819 587 954 664 famem
979 592 1076 686 apud

47 694 228 792 primores,
262 690 374 779 nihil,
406 692 547 790 populo
571 691 829 781 deditissimus,
853 715 986 786 ,auram
1010 715 1077 788 po·

46 797 213 890 pulerem.
236 793 332 886 (Ich.
358 799 393 881 6,
423 793 496 892 14.)
548 791 644 891 Quid
674 791 867 890 proderant
898 795 963 890 qui
992 793 1076 866 sim·
1106 831 1113 846 ·

46 895 143 991 plicis
166 895 282 966 enimi
306 909 439 981 essent,
463 893 553 992 quid
575 894 616 966 iu
637 917 806 970 ¹ttttttrore
828 893 876 968 ob
891 895 1078 992 publicem

47 997 289 1092 privatamque
312 995 555 1070 calamitatem
578 995 750 1086 iacentes,
788 995 876 1092 quid
900 996 998 1070 vitae
1022 1021 1078 1070 ae·

48 1097 176 1170 mmnis
213 1097 374 1192 depressi
405 1095 698 1194 quotidianisque
734 1097 830 1168 curis
861 1098 905 1168 ed
937 1097 1079 1174 victum

48 1198 300 1296 acquirendum
325 1197 478 1288 intenti,
519 1197 609 1296 quid
638 1196 756 1270 teneri
785 1199 948 1294 pueruli,
989 1199 1080 1296 quid

50 1299 156 1372 bonae
180 1299 364 1388 mulieres,
389 1297 436 1372 ab
452 1323 517 1372 ote
531 1299 609 1372 eius
630 1299 838 1394 pendentes,
864 1299 951 1396 quid
968 1301 1081 1397 pisca·

49 1411 138 1472 to'res
151 1425 275 1472 rerum
291 1401 527 1499 gerendarum
544 1400 662 1496 ignari
678 1399 724 1473 ad
738 1401 965 1498 splendidam
979 1404 1080 1474 theo·

49 1502 186 1577 oratiam
202 1501 440 1589 condendam,
463 1501 510 1576 ad
523 1499 712 1574 victoriam
737 1502 924 1577 celerrime
945 1504 992 1576 de
1007 1511 1081 1578 Ro·

50 1604 155 1678 manis
178 1603 291 1678 ermis
313 1603 585 1700 reportandam,
628 1603 675 1676 ad
700 1601 804 1678 beate
826 1605 976 1698 tyranni
1005 1605 1079 1678 otia

51 1704 286 1800 perfruenda?
333 1705 456 1802 Qualis
480 1705 626 1778 tandem
648 1721 726 1778 erat
740 1702 1080 1804 δαιμονιζομένων,

54 1805 159 1902 qualis
184 1831 316 1881 eorum
338 1805 518 1895 omnium,
543 1807 610 1904 qui
629 1830 677 1878 ne
699 1803 757 1880 sui
781 1805 930 1904 quidem
954 1831 1082 1904 corpo-
1154 1818 1164 1834 ·

50 1907 94 1979 ris
114 1908 196 1982 satia
222 1924 342 1982 essem
364 1921 572 2004 compotes,
604 1907 661 1980 vie
686 1905 732 1980 ad
752 1909 1004 1982 auctoritatem
1027 1909 1083 1980 in·

51 2023 100 2079 ter
128 2009 297 2106 aequsles
326 2031 533 2106 supremam
563 2007 844 2104 acquirendam?
895 2006 1081 2106 Quocirca,

52 2110 159 2184 hacsi
177 2110 350 2199 tentabat,
371 2108 526 2186 debebat
539 2127 603 2182 aut
615 2107 903 2184 fortissimorum
913 2111 960 2184 de
973 2109 1083 2206 plebe

54 2211 211 2286 virorum
241 2235 371 2284 manus
396 2234 554 2303 armare,
592 2227 657 2284 aut
681 2211 885 2306 primorum
919 2211 1083 2308 partibus

51 2329 121 2384 arte
141 2329 259 2386 astuta
281 2335 320 2386 se
343 2313 550 2410 adiungere.
608 2311 707 2386 Fecit
736 2329 909 2388 neutrum
934 2329 972 2387 et
995 2313 1083 2412 quid

52 2413 336 2514 inde-sequatur,
359 2413 554 2507 {advertite

116 2520 343 2592 Messicnum
367 2517 528 2592 ordinm
544 2516 747 2620 uulgarem
775 2515 884 2614 plene
915 2514 1084 2592 immuta·

55 2618 116 2704 nit,
139 2623 211 2692 imo
237 2623 409 2715 pervertit
433 2619 611 2706 Chrtstus,
650 2616 810 2724 πρῶτον
839 2620 910 2691 hoc
933 2615 1084 2716 ψεῦδος

56 2719 227 2793 radicitus.
240 2720 404 2810 sustulit,
438 2717 606 2816 nihilque
629 2743 696 2792 nos
728 2718 877 2814 quidem
901 2719 1083 2806 novimus,
1192 2789 1195 2800 ,

56 2821 146 2912 quod
176 2821 393 2918 praeclarius
423 2821 683 2916 salutariusque
714 2818 761 2893 eb
790 2843 836 2892 eo
867 2821 916 2894 sit
944 2820 1085 2894 dictum

58 2937 223 2998 scmmre.
272 2927 320 2994 Et
344 2945 553 3018 persuasum
575 2921 683 2995 nobis
713 2921 862 3018 quidem
894 2937 967 3010 est,
1007 2938 1098 2992 tan.

58 3035 130 3092 tum
154 3023 194 3096 in
219 3023 292 3096 hoc
313 3047 388 3096 uno
412 3023 556 3097 decreto
579 3021 845 3096 fundamentali
872 3020 988 3097 inesse
1008 3019 1085 3094 frn-

59 3121 176 3297 giferi,
214 3125 276 3194 vel
303 3121 357 3200 ad¹
376 3125 593 3222 popularem
616 3123 918 3224 intelligentiam,
957 3124 1018 3196 rel
1038 3123 1084 3195 ad

83 3225 161 3298 dem
178 3224 409 3300 christianam
420 3251 486 3323 per
497 3249 610 3302 sacrm
625 3225 816 3300 conciones
831 3225 1085 3300 commendan-

57 3323 134 3396 dam
155 3327 489 3426 stabiliendamque,
517 3345 562 3400 ut
585 3327 791 3401 mirandum
812 3328 994 3417 ducamus,
1009 3349 1086 3398 non

59 3421 190 3521 saepius
212 3431 284 3502 hcc
305 3446 414 3525 ceput
437 3427 525 3524 eligi
544 3447 583 3502 et
605 3429 854 3502 incredibilem
878 3427 958 3502 eius
978 3426 1086 3502 uber·
1200 3475 1202 3482 ,

59 3541 162 3598 tatem
180 3526 335 3600 dicendo
351 3529 544 3602 exhauriri.
579 3531 740 3604 Christus
756 3530 1085 3626 particularismum
1230 3588 1233 3602 ,

60 3631 251 3720 primorum
277 3639 335 3720 (ut
363 3631 477 3706 verbo
516 3629 670 3704 barbato
693 3653 773 3706 rem
799 3631 873 3704 cito
902 3629 1085 3718 deliniam)

60 3729 215 3819 australis,
241 3731 382 3824 dejecto
406 3732 599 3806 hominum
636 3752 767 3828 genere
797 3731 1024 3806 adsciscendo
1050 3747 1087 3802 et

61 3827 231 3926 inprims
256 3835 338 3906 luce
362 3835 585 3906 collocando.
634 3833 704 3906 Rei
727 3857 907 3908 summam
930 3833 1088 3931 comple·

60 3929 162 4003 oritur
187 3935 318 4007 eximia
343 3937 476 4031 pariter
499 3951 541 4008 ac
564 3934 741 4032 paradoxa
761 3960 835 4008 vox
848 3937 935 4007 Luc.
957 3959 1014 4027 19,
1033 3957 1088 4008 ιο.

62 4023 148 4116 ἦλθε
174 4029 196 4108 ὀ
221 4033 300 4125 υἱὸς
326 4036 400 4112 τοῦ
425 4031 638 4139 ἁνθρώπου
671 4031 925 4132 <articulari
957 4032 1088 4112 σῶσαι

64 4129 114 4204 τὸ
141 4129 413 4228 ἀπολωλός.
471 4144 550 4213 Hos
574 4137 705 4239 elegit,
745 4139 816 4214 sibi
837 4161 913 4211 non
937 4153 1089 4209 temera⁴
