2576 4994
340 381 583 464 2--0065
643 401 763 440 ·-·-'--

42 543 112 638 tu'r,
150 543 303 620 tlncibns
335 543 783 633 commentariirnostris,
825 545 989 642 proderit
1013 571 1081 618 ex·

42 651 243 748 ploravisse:
271 671 362 728 ιιιιιιι
388 647 565 734 Christus,
590 646 821 718 Messiannnr
835 671 969 720 nomen
989 673 1073 742 pro·

43 751 166 840 fessus,
202 751 428 822 Messiannrn
453 759 656 846 regnante
683 749 823 820 disertis
849 751 1075 825 orationibus

42 853 261 941 condituras,
303 849 523 946 pharisaicae
556 849 858 945 sacerdotalisque
881 875 966 923 osor
991 877 1075 924 con·

41 951 269 1026 iustissimus
296 950 561 1046 perversitatis,
602 967 727 1022 contra
744 975 749 988 “
765 951 876 1024 falsos
907 969 945 1024 et
979 957 1076 1026 male

41 1055 205 1128 facundos
228 1053 348 1126 Masis
371 1054 588 1155 interpretes
607 1053 680 1123 tela
704 1069 877 1150 armaque
901 1056 1076 1132 orationis
1126 1085 1131 1094 ·

42 1174 74 1230 et
96 1156 190 1226 ritae
204 1155 311 1226 inter
330 1144 545 1226 docendum
562 1169 760 1226 transactae
783 1155 965 1242 direxerit,
992 1161 1078 1228 Mo·

40 1257 233 1354 saicamque
256 1257 415 1354 legem
404 1281 442 1328 ιιι
469 1256 659 1352 pristinam
685 1256 902 1352 puritatem,
937 1259 1080 1354 simpli·

41 1359 177 1432 'citatem
209 1375 249 1430 et
279 1357 383 1456 quasi
414 1361 618 1431 castitatem
649 1355 839 1430 restituere
872 1362 1078 1450 tentaverit,

41 1483 81 1534 an
103 1459 257 1534 ulterius
281 1483 550 1578 progressurus,
576 1477 613 1530 et
637 1475 680 1530 ut
707 1461 778 1534 hoc
796 1476 891 1550 utar,
914 1463 1079 1538 triticum

40 1585 119 1634 curn
141 1562 235 1636 lolio
259 1563 531 1658 exstirpaturus,
555 1559 757 1635 Moseicam
773 1563 1079 1660 legumlationern

41 1663 147 1736 exitio
171 1662 397 1760 proximam,
435 1663 515 1736 imo
539 1662 820 1756 antiquandam,
859 1683 897 1738 et
929 1669 1079 1739 Messia-

41 1789 138 1854 nanr,
179 1789 274 1862 qnae
305 1766 376 1838 illo
413 1781 589 1860 tanquam
614 1760 855 1838 fundamento
880 1769 1078 1842 necessario

40 1883 74 1936 et
95 1882 316 1938 antecessore
339 1865 542 1940 honorifico
567 1881 633 1940 usa
656 1867 717 1954 sit,
739 1865 818 1938 eius
842 1867 926 1940 loco
941 1894 1080 1966 ponen-

40 1966 115 2038 dam
136 1968 280 2040 iudiciis
304 1964 485 2064 factisque
507 1966 581 2040 suis
605 1967 833 2044 indicaverit.
856 2009 907 2030 ι·-

105 2075 153 2140 Ut
177 2091 269 2142 vero
295 2069 381 2142 huic
406 2069 598 2166 proposito
629 2093 677 2151 ex
706 2089 813 2168 perte
845 2071 929 2144 satia
955 2072 1003 2144 sit
1027 2073 1082 2146 fa·

41 2185 153 2259 ctum,
192 2193 271 2242 non
295 2195 438 2244 necesse
465 2188 537 2260 est,
578 2185 623 2240 ut
644 2187 722 2246 acta
744 2189 949 2275 agamus,
953 2177 1081 2253 sedin

41 2270 249 2348 memoriam
276 2295 508 2360 revocemus,
533 2271 635 2370 quod
660 2277 895 2348 antecedente
920 2263 1082 2372 disputa·
1143 2281 1145 2288 ’

42 2373 134 2445 none
158 2398 223 2471 per
247 2373 391 2472 singula
417 2371 497 2446 fuse
512 2374 774 2472 perspicueque
789 2375 1081 2468 demonstratum

41 2475 271 2554 arbitramur:
311 2473 518 2548 orationem
554 2475 600 2548 de
633 2496 763 2553 monte
793 2461 955 2551 habitam
979 2483 1082 2552 lucu·

39 2575 276 2655 lentissimum
290 2601 367 2650 esse
380 2593 664 2665 monumentum
680 2579 1082 2676 antipharisaicaeClrri·

40 2679 80 2746 sti
104 2677 284 2752 sentiendi
308 2678 470 2767 rationis,
494 2679 609 2752 animi
624 2705 644 2751 a
657 2683 754 2752 mala
768 2680 976 2762 scholarum
995 2683 1082 2756 sub·

41 2779 164 2856 tilitate
185 2795 227 2854 ιι
251 2782 486 2878 perversitate
510 2781 741 2870 alienissimi,
780 2781 826 2854 ab
860 2800 938 2854 arte
970 2785 1083 2856 emni-

40 2882 121 2952 atica
154 2885 198 2952 ed
227 2884 395 2964 nativum
427 2881 506 2954 veri
531 2899 570 2954 et
592 2883 682 2956 recti
704 2907 870 2971 sensum,
913 2883 993 2956 ed
981 2908 1083 2982 inge·

39 3005 149 3056 nuans
175 2983 389 3078 purissimae
411 2983 560 3058 virtutis
586 3008 750 3060 amorem
771 3008 812 3058 ac
832 2985 996 3060 studium
1013 2986 1082 3064 mi·

40 3083 236 3162 rabundam
270 3086 478 3158 auditorum
511 3109 685 3160 coronam
718 3089 933 3164 revocantis.
987 3088 1083 3181 Egit,

40 3185 92 3254 uti
117 3179 248 3258 eodem
273 3189 356 3260 loco
383 3187 565 3274 vidimus,
608 3188 860 3286 legumlatoris
880 3214 1085 3286 personam.

42 3287 119 3356 Δι’
108 3313 147 3358 ιιι
174 3289 285 3360 hoc
260 3313 354 3384 apso
378 3313 478 3360 nexu
502 3291 706 3408 reperimus
722 3315 864 3378 vocem,
891 3315 1083 3386 quasnam

42 3387 191 3484 delego
217 3385 395 3464 uronice
404 3391 623 3465 sententiam
649 3409 687 3464 et
714 3391 921 3464 firmissime
947 3411 984 3464 et
1012 3395 1086 3491 pla

41 3488 186 3562 nissime
209 3490 308 3564 visus
341 3509 395 3564 est
423 3492 626 3564 enuntiasse
651 3497 838 3580 Servatur,
881 3517 1083 3592 quaecum

40 3611 155 3662 arcein
181 3617 309 3668 causae
332 3609 475 3666 nostrae
500 3594 667 3689 proxime
682 3595 843 3668 illustret
861 3613 900 3666 et
924 3621 992 3692 pro
1008 3619 1088 3690 gra·

42 3689 149 3762 vitate
174 3693 311 3788 pariter
335 3713 446 3790 atque
470 3693 711 3792 ambignitate
740 3721 804 3768 sna
830 3697 1088 3770 diversissimas

41 3811 189 3886 experta
211 3795 259 3866 sit
276 3797 561 3892 explanationes,
586 3797 794 3892 dignissima
810 3815 878 3884 est,
900 3821 993 3902 quae
1017 3799 1086 3871 sub

43 3915 194 3966 examen
222 3913 260 3967 et
284 3895 438 3970 solidius
459 3915 496 3970 et
520 3896 702 3993 copiosius
725 3915 888 3992 vocetur.

114 3993 236 4074 verbe
259 4015 345 4072 sunt
368 3999 464 4094 apud
479 4001 710 4113 illattlraeuna
734 3987 836 4092 (narn
857 3998 888 4072 is
905 3999 1001 4076 solata
1025 4027 1088 4077 cx·

45 4091 162 4190 hibet)
186 4119 222 4185 5,
253 4121 296 4218 ι]
314 4135 364 4158 -
384 4124 456 4190 ι9..
483 4096 533 4192 μὴ
559 4098 760 4194 tonicam,
786 4099 848 4174 sea
872 4094 995 4191 altior
1018 4125 1087 4176 rto·

47 4193 120 4266 eet
121 4196 215 4279 ὗσαι
240 4199 311 4279 τὸν
325 4197 506 4296 ιόμοιί
535 4201 630 4292 anie
654 4199 881 4308 προφήτας
923 4195 1093 4294 sirtille
