2734 4998
189 573 334 668 Quam·
347 581 580 664 postremam
612 563 646 638 si
681 561 975 642 consideraveris
1006 583 1159 646 sentem

115 668 225 758 dam,
251 669 456 767 equodsrn
481 668 561 742 veri
583 689 697 742 sensu
718 665 911 764 profectus
930 668 1001 742 tibi
1015 669 1160 746 ridebi-

114 789 183 844 tur
208 795 360 858 mmor,
384 769 463 844 iate
486 791 639 866 sparsus
659 769 760 842 iruer
781 769 1067 866 antiquissimos
1090 775 1159 847 bo·

114 875 242 948 mines
270 872 514 958 christianos,
555 869 737 944 exhibens
770 871 860 944 libri
885 877 1161 974 Apocalypseos

116 987 312 1048 auetor'am
331 974 575 1062 Corinthum,
602 969 689 1068 qui-3
722 969 915 1070 figmentis
939 975 1019 1048 suis
1046 989 1160 1072 atque

118 1077 281 1152 somniis
308 1093 353 1148 ut
378 1075 640 1148 auctoritatem
664 1074 905 1164 conciliaret,
935 1073 1161 1171 imposuerit

116 1201 262 1262 nomen
280 1173 456 1272 apostoli.
509 1173 905 1250 iiooenimmirificao
919 1176 1063 1252 indolis
1078 1199 1162 1252 mo·
1275 1245 1280 1250 .

116 1298 351 1352 numentum
370 1275 669 1350 chiliastiearum
684 1275 914 1374 opinionum
936 1303 1018 1353 non
1042 1303 1162 1376 psuos

115 1405 191 1454 neo
209 1381 310 1454 leuia
333 1380 476 1460 anina
505 1379 718 1468 continere,
754 1379 877 1454 multo
893 1397 1022 1454 eutem
1038 1379 1160 1480 magis

117 1486 225 1556 ineo
248 1479 448 1554 efficaciam
475 1505 582 1552 suam
605 1479 834 1570 exseruisse,
866 1481 970 1578 quod
999 1483 1163 1557 stamine

117 1581 321 1682 pestiferae
340 1581 533 1656 doctrinae
556 1580 793 1654 audacissimi
815 1584 956 1681 quique
975 1607 1085 1660 verae
1106 1607 1164 1658 re·

117 1684 281 1784 ligionis
305 1681 505 1760 adversarii
529 1683 571 1756 in
595 1683 668 1755 hoo
690 1683 889 1758 volamine
912 1685 1061 1758 certatis
1084 1701 1163 1760 atu·

121 1789 194 1860 diis
211 1787 285 1860 sibi
306 1785 490 1860 detexisse
505 1785 577 1858 visi
596 1801 706 1874 sunt,
733 1783 773 1858 id
790 1785 883 1860 adeo
900 1787 1093 1860 neminem
1109 1785 1164 1862 la·

120 1907 182 1962 tet
202 1905 356 1961 nostrae
378 1887 510 1958 aetatis
539 1887 780 1982 interpretem
803 1886 975 1962 sobrium
997 1911 1040 1962 so
1067 1885 1165 1986 pari·

119 2009 220 2078 tum,
246 2007 356 2062 utne
373 2006 479 2096 egeat
496 1987 648 2084 quidem
665 1987 1024 2062 demonstrationes
1045 1987 1165 2062 histo·

118 2093 190 2166 riis
207 2089 257 2186 *).
310 2095 370 2164 De
386 2087 495 2180 cujus
515 2087 602 2162 libri
619 2087 766 2186 origine
791 2113 871 2164 non
886 2095 1051 2164 Ioannes
1073 2111 1166 2165 mox

117 2191 237 2268 novis
261 2210 323 2281 et,
369 2189 427 2264 uti
454 2189 614 2264 fidenter
648 2214 863 2288 speramus,
906 2189 1166 2288 subtilissimis

118 2294 263 2372 studiis
290 2289 578 2389 persuadebitur
602 2291 822 2390 aequalibus
837 2290 906 2392 ¹¹⁴¹).

204 2395 371 2474 Eaedem
394 2417 485 2467 vero
501 2393 549 2466 de
569 2417 688 2492 regno
709 2392 851 2468 Christi
873 2412 1024 2470 terreno
1048 2417 1168 2492 propo

118 2497 294 2572 instante
311 2496 519 2572 sententiae
535 2493 725 2594 perplura
746 2495 922 2596 deinceps
943 2497 1068 2574 secula
1090 2495 1169 2576 huo
1290 2517 1292 2526 '

118 2651 338 2676 ,ιιι-ι*

201 2729 326 2791 Pronus
341 2724 415 2788 diss.
430 2720 1171 2820 11.·qnaeadnrdaeo·clrrtsttamnneneead

201 2801 602 2868 [reduco-Gnostietsmum
612 2801 791 2886 pertinent.
829 2796 1042 2882 Ieu.1795.8.
1078 2799 1170 2876 Reli·

228 2899 306 2950 uos,
328 2881 385 2959 qui
407 2877 448 2940 de
468 2877 645 2940 Chiiissrno
666 2892 784 2960 agunt,
804 2879 976 2958 scriptores
992 2882 1169 2954 recensuit,

202 2899 316 3036 deque
331 2957 426 3014 variis
448 2959 516 3016 eius
531 2951 706 3036 generibus
726 2967 761 3014 et
783 2955 944 3016 aetatibus
964 2954 1171 3018 brevtrarer·

203 3029 377 3114 posuitlli.
391 3031 478 3090 Brea
488 3027 614 3092 Contra.
628 3028 701 3113 hiu.
717 3027 806 3092 deor.
818 3029 877 3094 rel.
888 3021 955 3094 thr.
969 3029 1070 3110 Μῦες
1082 3047 1132 3112 tq·

143 3141 180 3216 ¹)
202 3137 299 3217 Quae
319 3142 496 3219 antiquitas
519 3137 693 3203 christiana
715 3138 758 3200 de
778 3137 909 3274 capitali
927 3137 1061 3204 ioannis
1080 3141 1173 3218 Apo,-

206 3215 302 3288 stoli,
324 3235 391 3295 quo
413 3221 446 3276 in
466 3213 657 3276 Corinthum
676 3218 845 3288 „veritus
865 3220 1072 3278 inimicum“‘
1086 3215 1173 3278 iere·

207 3289 305 3354 batur
319 3289 398 3352 odio
413 3292 560 3370 prodidit
573 3295 763 3386 memoriae,
783 3309 854 3352 non
867 3291 1020 3388 sidentur
1032 3297 1173 3386 omniuo

207 3365 394 3510 stitit?
410 3387 510 3523 tiit
524 3367 1173 3526 itat¹²ttgt,‘t⁰tt0⁰t¹tittttttt

208 3517 268 3578 tibi
301 3517 483 3592 videbitur,
518 3517 757 3600 Evangelistsm
787 3517 828 3578 sb
857 3533 992 3581 auctore
1010 3517 1173 3602 Apocaly-

207 3611 306 3672 pseos
330 3613 400 3654 non
418 3613 489 3656 esse
508 3594 682 3654 diuersum.
721 3593 823 3672 Quod
842 3593 960 3657 lubens
977 3595 1086 3658 isteor
1103 3611 1174 3674 nott

211 3689 282 3728 esse
294 3673 468 3730 maximum
486 3683 713 3752 argumentum
728 3674 764 3728 tu
778 3667 837 3730 bac
852 3687 960 3744 causa,
983 3670 1061 3746 sed)
1082 3687 1175 3732 scee-

211 3742 366 3804 dentibus
387 3745 456 3806 sliis
472 3749 608 3806 internis
622 3751 744 3824 pariter
758 3759 857 3826 atqua
870 3751 1009 3808 externit
1029 3750 1176 3807 testimo-

208 3824 290 3892 niis,
311 3819 433 3884 nullius
451 3841 520 3882 esse
533 3821 689 3916 ponderis
709 3841 808 3906 nego.
835 3823 902 3886 Sed
916 3827 1081 3906 copiosius
1094 3819 1177 3884 isaeo

209 3901 382 3976 persequi,
403 3916 473 3958 non
486 3895 581 3958 butus
596 3896 664 3958 loct
680 3910 738 3960 est.

15 4061 16 4068 ,
147 4005 196 4084 ⁴⁴>
217 4006 385 4100 Luscum„
399 4003 495 4068 nobis
517 4001 602 4066 hanc
620 4021 634 4068 s
651 4025 711 4100 ¹atu
732 4003 829 4082 feeit,
854 4006 1041 4088 praeclarus
1062 4001 1175 4160 hornoj

106 4107 110 4112 ’
210 4079 632 4248 {enarrante
654 4082 1178 4248 &summittatis

212 4231 298 4300 uoui
317 4246 444 4299 tautum
458 4231 585 4298 dobant
596 4233 737 4301 lotuuei
755 4231 843 4300 libri.
881 4237 945 4298 Cui
963 4239 1034 4297 tiro
1057 4231 1177 4294 sinder

926 4329 973 4404 t·

16 4107 18 4152 t

17 4241 20 4316 i

18 4337 20 4430 i

19 4471 21 4526 i
