<?xml version="1.0" encoding="UTF-8"?>
<!DOCTYPE html PUBLIC "-//W3C//DTD XHTML 1.0 Transitional//EN"
    "http://www.w3.org/TR/xhtml1/DTD/xhtml1-transitional.dtd">
<html xmlns="http://www.w3.org/1999/xhtml" xml:lang="en" lang="en">
 <head>
  <title>
</title>
<meta http-equiv="Content-Type" content="text/html;charset=utf-8" />
  <meta name='ocr-system' content='tesseract 3.04.00' />
  <meta name='ocr-capabilities' content='ocr_page ocr_carea ocr_par ocr_line ocrx_word'/>
</head>
<body>
  <div class='ocr_page' id='page_1' title='image "./deregnodivinoli00flecgoog/deregnodivinoli00flecgoog_0268.png"; bbox 0 0 2576 4994; ppageno 0'>
   <div class='ocr_carea' id='block_1_1' title="bbox 294 383 711 464">
    <p class='ocr_par' dir='ltr' id='par_1_1' title="bbox 294 383 711 464">
     <span class='ocr_line' id='line_1_1' title="bbox 294 383 711 464; baseline 0.005 -34"><span class='ocrx_word' id='word_1_1' title='bbox 294 383 536 464; x_wconf 52' lang='lat'><strong>...445</strong></span> <span class='ocrx_word' id='word_1_2' title='bbox 590 409 711 432; x_wconf 76' lang='grc'>...-</span> 
     </span>
    </p>
   </div>
   <div class='ocr_carea' id='block_1_2' title="bbox 14 539 1241 3786">
    <p class='ocr_par' dir='ltr' id='par_1_2' title="bbox 14 539 1077 1346">
     <span class='ocr_line' id='line_1_2' title="bbox 14 539 1020 640; baseline 0 -26"><span class='ocrx_word' id='word_1_3' title='bbox 14 543 164 616; x_wconf 81' lang='lat' dir='ltr'><strong>notiusve</strong></span> <span class='ocrx_word' id='word_1_4' title='bbox 194 541 440 616; x_wconf 67' lang='lat' dir='ltr'>inservientes.</span> <span class='ocrx_word' id='word_1_5' title='bbox 499 547 638 640; x_wconf 81' lang='lat' dir='ltr'><strong>Quare,</strong></span> <span class='ocrx_word' id='word_1_6' title='bbox 679 539 734 614; x_wconf 83' lang='lat' dir='ltr'><strong>ue</strong></span> <span class='ocrx_word' id='word_1_7' title='bbox 759 541 927 616; x_wconf 86' lang='lat' dir='ltr'><strong>videatur</strong></span> <span class='ocrx_word' id='word_1_8' title='bbox 960 543 1020 614; x_wconf 88' lang='lat' dir='ltr'><strong>de·</strong></span> 
     </span>
     <span class='ocr_line' id='line_1_3' title="bbox 14 641 1022 739; baseline 0 -23"><span class='ocrx_word' id='word_1_9' title='bbox 14 643 97 718; x_wconf 75' lang='lat' dir='ltr'><strong>nisse</strong></span> <span class='ocrx_word' id='word_1_10' title='bbox 128 642 381 738; x_wconf 71' lang='lat' dir='ltr'><strong>disputationi,</strong></span> <span class='ocrx_word' id='word_1_11' title='bbox 421 665 517 739; x_wconf 90' lang='lat' dir='ltr'><strong>quae</strong></span> <span class='ocrx_word' id='word_1_12' title='bbox 551 643 598 714; x_wconf 89' lang='lat' dir='ltr'><strong>de</strong></span> <span class='ocrx_word' id='word_1_13' title='bbox 638 667 787 717; x_wconf 86' lang='lat' dir='ltr'><strong>morum</strong></span> <span class='ocrx_word' id='word_1_14' title='bbox 817 641 1022 716; x_wconf 84' lang='lat' dir='ltr'><strong>conforma-</strong></span> 
     </span>
     <span class='ocr_line' id='line_1_4' title="bbox 15 744 1018 844; baseline 0.003 -28"><span class='ocrx_word' id='word_1_15' title='bbox 15 745 85 817; x_wconf 88' lang='lat' dir='ltr'><strong>ione</strong></span> <span class='ocrx_word' id='word_1_16' title='bbox 98 745 232 816; x_wconf 83' lang='lat' dir='ltr'><strong>civium</strong></span> <span class='ocrx_word' id='word_1_17' title='bbox 252 744 471 841; x_wconf 82' lang='lat' dir='ltr'><strong>theocratiaa</strong></span> <span class='ocrx_word' id='word_1_18' title='bbox 495 744 701 818; x_wconf 85' lang='lat' dir='ltr'><strong>Messianae·</strong></span> <span class='ocrx_word' id='word_1_19' title='bbox 717 747 938 844; x_wconf 80' lang='lat' dir='ltr'><strong>amplissima</strong></span> <span class='ocrx_word' id='word_1_20' title='bbox 953 761 1018 836; x_wconf 83' lang='lat' dir='ltr'><strong>est,</strong></span> 
     </span>
     <span class='ocr_line' id='line_1_5' title="bbox 14 845 1019 944; baseline 0.004 -28"><span class='ocrx_word' id='word_1_21' title='bbox 14 849 61 918; x_wconf 81' lang='lat' dir='ltr'><strong>lla</strong></span> <span class='ocrx_word' id='word_1_22' title='bbox 82 869 157 940; x_wconf 87' lang='lat' dir='ltr'><strong>pars</strong></span> <span class='ocrx_word' id='word_1_23' title='bbox 182 845 384 943; x_wconf 76' lang='lat' dir='ltr'><strong>pleniorem</strong></span> <span class='ocrx_word' id='word_1_24' title='bbox 410 845 564 921; x_wconf 85' lang='lat' dir='ltr'><strong>reddens</strong></span> <span class='ocrx_word' id='word_1_25' title='bbox 588 846 788 944; x_wconf 80' lang='lat' dir='ltr'><strong>imaginem</strong></span> <span class='ocrx_word' id='word_1_26' title='bbox 815 849 860 920; x_wconf 91' lang='lat' dir='ltr'><strong>de</strong></span> <span class='ocrx_word' id='word_1_27' title='bbox 878 873 1019 937; x_wconf 88' lang='lat' dir='ltr'><strong>eorum,</strong></span> 
     </span>
     <span class='ocr_line' id='line_1_6' title="bbox 14 947 1039 1046; baseline 0 -25"><span class='ocrx_word' id='word_1_28' title='bbox 14 949 52 1044; x_wconf 75' lang='lat' dir='ltr'><strong>psi</strong></span> <span class='ocrx_word' id='word_1_29' title='bbox 76 948 112 1018; x_wconf 86' lang='lat' dir='ltr'><strong>iu</strong></span> <span class='ocrx_word' id='word_1_30' title='bbox 137 949 347 1024; x_wconf 81' lang='lat' dir='ltr'><strong>societatem</strong></span> <span class='ocrx_word' id='word_1_31' title='bbox 375 947 680 1046; x_wconf 79' lang='lat' dir='ltr'><strong>disciplinamque</strong></span> <span class='ocrx_word' id='word_1_32' title='bbox 704 953 786 1020; x_wconf 84' lang='lat' dir='ltr'><strong>Iesu</strong></span> <span class='ocrx_word' id='word_1_33' title='bbox 819 949 1039 1044; x_wconf 80' lang='lat' dir='ltr'><strong>accipiendi</strong></span> 
     </span>
     <span class='ocr_line' id='line_1_7' title="bbox 15 1047 1077 1152; baseline -0.002 -32"><span class='ocrx_word' id='word_1_34' title='bbox 15 1066 86 1141; x_wconf 85' lang='lat' dir='ltr'><strong>unt,</strong></span> <span class='ocrx_word' id='word_1_35' title='bbox 110 1047 250 1137; x_wconf 90' lang='lat' dir='ltr'><strong>indole,</strong></span> <span class='ocrx_word' id='word_1_36' title='bbox 276 1047 497 1137; x_wconf 79' lang='lat' dir='ltr'><strong>virtutibus,</strong></span> <span class='ocrx_word' id='word_1_37' title='bbox 516 1047 681 1136; x_wconf 82' lang='lat' dir='ltr'><strong>officiis,</strong></span> <span class='ocrx_word' id='word_1_38' title='bbox 707 1074 792 1147; x_wconf 84' lang='lat' dir='ltr'><strong>age,</strong></span> <span class='ocrx_word' id='word_1_39' title='bbox 818 1075 910 1148; x_wconf 87' lang='lat' dir='ltr'><strong>quae</strong></span> <span class='ocrx_word' id='word_1_40' title='bbox 930 1051 1077 1152; x_wconf 50' lang='lat' dir='ltr'><strong>reli-§.15</strong></span> 
     </span>
     <span class='ocr_line' id='line_1_8' title="bbox 14 1145 1019 1246; baseline 0.006 -26"><span class='ocrx_word' id='word_1_41' title='bbox 14 1175 56 1246; x_wconf 60' lang='lat' dir='ltr'><strong>,aa</strong></span> <span class='ocrx_word' id='word_1_42' title='bbox 77 1167 174 1237; x_wconf 87' lang='lat' dir='ltr'><strong>sunt,</strong></span> <span class='ocrx_word' id='word_1_43' title='bbox 208 1153 312 1224; x_wconf 73' lang='lat' dir='ltr'><strong>salvo</strong></span> <span class='ocrx_word' id='word_1_44' title='bbox 337 1151 535 1224; x_wconf 64' lang='lat' dir='ltr'><strong>duserendi</strong></span> <span class='ocrx_word' id='word_1_45' title='bbox 558 1152 781 1240; x_wconf 79' lang='lat' dir='ltr'><strong>subtilitate,</strong></span> <span class='ocrx_word' id='word_1_46' title='bbox 806 1145 1019 1228; x_wconf 79' lang='lat' dir='ltr'><strong>bre&#39;vissime</strong></span> 
     </span>
     <span class='ocr_line' id='line_1_9' title="bbox 14 1275 245 1346; baseline 0.043 -28"><span class='ocrx_word' id='word_1_47' title='bbox 14 1275 245 1346; x_wconf 62' lang='lat' dir='ltr'><strong>lel&#39;oequflmlm</strong></span> 
     </span>
    </p>

    <p class='ocr_par' dir='ltr' id='par_1_3' title="bbox 14 1353 1241 3786">
     <span class='ocr_line' id='line_1_10' title="bbox 59 1353 1018 1452; baseline 0.004 -28"><span class='ocrx_word' id='word_1_48' title='bbox 59 1359 178 1430; x_wconf 81' lang='lat' dir='ltr'><strong>Restat</strong></span> <span class='ocrx_word' id='word_1_49' title='bbox 207 1359 298 1426; x_wconf 85' lang='lat' dir='ltr'><strong>Luc.</strong></span> <span class='ocrx_word' id='word_1_50' title='bbox 331 1381 389 1445; x_wconf 81' lang='lat' dir='ltr'><strong>rs,</strong></span> <span class='ocrx_word' id='word_1_51' title='bbox 417 1359 464 1430; x_wconf 79' lang='lat'><strong>16</strong></span> <span class='ocrx_word' id='word_1_52' title='bbox 489 1381 544 1452; x_wconf 80' lang='lat' dir='ltr'><strong>aq.</strong></span> <span class='ocrx_word' id='word_1_53' title='bbox 577 1353 762 1452; x_wconf 79' lang='lat' dir='ltr'><strong>paroemia</strong></span> <span class='ocrx_word' id='word_1_54' title='bbox 794 1355 841 1427; x_wconf 90' lang='lat' dir='ltr'><strong>de</strong></span> <span class='ocrx_word' id='word_1_55' title='bbox 873 1355 1018 1442; x_wconf 79' lang='lat' dir='ltr'><strong>vitanda</strong></span> 
     </span>
     <span class='ocr_line' id='line_1_11' title="bbox 14 1454 1022 1554; baseline 0.005 -31"><span class='ocrx_word' id='word_1_56' title='bbox 14 1454 126 1526; x_wconf 81' lang='lat' dir='ltr'><strong>varitia</strong></span> <span class='ocrx_word' id='word_1_57' title='bbox 143 1455 185 1546; x_wconf 74' lang='lat'><strong>&#39;).</strong></span> <span class='ocrx_word' id='word_1_58' title='bbox 235 1456 417 1546; x_wconf 85' lang='lat' dir='ltr'><strong>Christus,</strong></span> <span class='ocrx_word' id='word_1_59' title='bbox 454 1456 590 1530; x_wconf 81' lang='lat' dir='ltr'><strong>arbiter</strong></span> <span class='ocrx_word' id='word_1_60' title='bbox 623 1457 700 1530; x_wconf 82' lang='lat' dir='ltr'><strong>litis</strong></span> <span class='ocrx_word' id='word_1_61' title='bbox 726 1458 926 1554; x_wconf 81' lang='lat' dir='ltr'><strong>expetitus,</strong></span> <span class='ocrx_word' id='word_1_62' title='bbox 965 1482 1022 1530; x_wconf 88' lang='lat' dir='ltr'><strong>re·</strong></span> 
     </span>
     <span class='ocr_line' id='line_1_12' title="bbox 14 1557 1020 1658; baseline 0.006 -32"><span class='ocrx_word' id='word_1_63' title='bbox 14 1574 73 1628; x_wconf 86' lang='lat' dir='ltr'><strong>ecta</strong></span> <span class='ocrx_word' id='word_1_64' title='bbox 97 1557 287 1654; x_wconf 84' lang='lat' dir='ltr'><strong>rogatione</strong></span> <span class='ocrx_word' id='word_1_65' title='bbox 315 1558 573 1654; x_wconf 85' lang='lat' dir='ltr'><strong>intempestiva</strong></span> <span class='ocrx_word' id='word_1_66' title='bbox 589 1557 664 1648; x_wconf 75' lang='lat'><strong>*⁴&#39;),</strong></span> <span class='ocrx_word' id='word_1_67' title='bbox 701 1559 868 1654; x_wconf 84' lang='lat' dir='ltr'><strong>adiungit</strong></span> <span class='ocrx_word' id='word_1_68' title='bbox 899 1559 1020 1658; x_wconf 85' lang='lat' dir='ltr'><strong>(quod</strong></span> 
     </span>
     <span class='ocr_line' id='line_1_13' title="bbox 14 1659 1021 1760; baseline 0.008 -34"><span class='ocrx_word' id='word_1_69' title='bbox 14 1659 191 1746; x_wconf 13' lang='lat' dir='ltr'><strong>stamine,</strong></span> <span class='ocrx_word' id='word_1_70' title='bbox 227 1682 330 1748; x_wconf 87' lang='lat' dir='ltr'><strong>reor,</strong></span> <span class='ocrx_word' id='word_1_71' title='bbox 369 1684 479 1734; x_wconf 86' lang='lat' dir='ltr'><strong>avaro</strong></span> <span class='ocrx_word' id='word_1_72' title='bbox 512 1660 580 1732; x_wconf 85' lang='lat' dir='ltr'><strong>vix</strong></span> <span class='ocrx_word' id='word_1_73' title='bbox 605 1659 757 1734; x_wconf 84' lang='lat' dir='ltr'><strong>dimisso</strong></span> <span class='ocrx_word' id='word_1_74' title='bbox 788 1679 918 1760; x_wconf 88' lang='lat' dir='ltr'><strong>sponte</strong></span> <span class='ocrx_word' id='word_1_75' title='bbox 942 1685 1021 1734; x_wconf 87' lang='lat' dir='ltr'><strong>auc·</strong></span> 
     </span>
     <span class='ocr_line' id='line_1_14' title="bbox 15 1753 1020 1858; baseline 0.009 -33"><span class='ocrx_word' id='word_1_76' title='bbox 15 1753 104 1848; x_wconf 86' lang='lat' dir='ltr'><strong>nrrit)</strong></span> <span class='ocrx_word' id='word_1_77' title='bbox 135 1781 248 1856; x_wconf 84' lang='lat' dir='ltr'><strong>grave</strong></span> <span class='ocrx_word' id='word_1_78' title='bbox 280 1761 421 1834; x_wconf 89' lang='lat' dir='ltr'><strong>dictum</strong></span> <span class='ocrx_word' id='word_1_79' title='bbox 450 1763 496 1834; x_wconf 90' lang='lat' dir='ltr'><strong>de</strong></span> <span class='ocrx_word' id='word_1_80' title='bbox 520 1761 638 1836; x_wconf 85' lang='lat' dir='ltr'><strong>nimio</strong></span> <span class='ocrx_word' id='word_1_81' title='bbox 669 1787 786 1858; x_wconf 89' lang='lat' dir='ltr'><strong>opum</strong></span> <span class='ocrx_word' id='word_1_82' title='bbox 810 1763 933 1836; x_wconf 84' lang='lat' dir='ltr'><strong>studio</strong></span> <span class='ocrx_word' id='word_1_83' title='bbox 958 1765 1020 1836; x_wconf 84' lang='lat' dir='ltr'><strong>vel</strong></span> 
     </span>
     <span class='ocr_line' id='line_1_15' title="bbox 14 1863 1021 1960; baseline 0.008 -32"><span class='ocrx_word' id='word_1_84' title='bbox 14 1879 165 1954; x_wconf 61' lang='lat' dir='ltr'><strong>lropterea</strong></span> <span class='ocrx_word' id='word_1_85' title='bbox 191 1863 373 1951; x_wconf 81' lang='lat' dir='ltr'><strong>carendo,</strong></span> <span class='ocrx_word' id='word_1_86' title='bbox 421 1863 519 1958; x_wconf 91' lang='lat' dir='ltr'><strong>quod</strong></span> <span class='ocrx_word' id='word_1_87' title='bbox 545 1889 593 1936; x_wconf 85' lang='lat' dir='ltr'><strong>ex</strong></span> <span class='ocrx_word' id='word_1_88' title='bbox 615 1863 661 1935; x_wconf 86' lang='lat' dir='ltr'><strong>iis</strong></span> <span class='ocrx_word' id='word_1_89' title='bbox 685 1888 760 1939; x_wconf 86' lang='lat' dir='ltr'><strong>nou</strong></span> <span class='ocrx_word' id='word_1_90' title='bbox 785 1887 954 1960; x_wconf 81' lang='lat' dir='ltr'><strong>suspensa</strong></span> <span class='ocrx_word' id='word_1_91' title='bbox 973 1865 1021 1936; x_wconf 88' lang='lat' dir='ltr'><strong>sit</strong></span> 
     </span>
     <span class='ocr_line' id='line_1_16' title="bbox 14 1961 1020 2038; baseline 0.006 -7"><span class='ocrx_word' id='word_1_92' title='bbox 14 1961 57 2034; x_wconf 83' lang='lat' dir='ltr'><strong>ita</strong></span> <span class='ocrx_word' id='word_1_93' title='bbox 78 1987 159 2036; x_wconf 85' lang='lat' dir='ltr'><strong>vere</strong></span> <span class='ocrx_word' id='word_1_94' title='bbox 172 1963 289 2038; x_wconf 84' lang='lat' dir='ltr'><strong>beata.</strong></span> <span class='ocrx_word' id='word_1_95' title='bbox 340 1963 455 2037; x_wconf 81' lang='lat' dir='ltr'><strong>Addit</strong></span> <span class='ocrx_word' id='word_1_96' title='bbox 477 1964 760 2038; x_wconf 86' lang='lat' dir='ltr'><strong>similitudinem</strong></span> <span class='ocrx_word' id='word_1_97' title='bbox 775 1967 1020 2038; x_wconf 83' lang='lat' dir='ltr'><strong>illustrantem</strong></span> 
     </span>
     <span class='ocr_line' id='line_1_17' title="bbox 14 2063 1115 2163; baseline 0.009 -33"><span class='ocrx_word' id='word_1_98' title='bbox 14 2063 152 2155; x_wconf 83' lang='lat' dir='ltr'><strong>ominis,</strong></span> <span class='ocrx_word' id='word_1_99' title='bbox 196 2064 429 2140; x_wconf 82' lang='lat' dir='ltr'><strong>terrestribus</strong></span> <span class='ocrx_word' id='word_1_100' title='bbox 454 2064 561 2154; x_wconf 85' lang='lat' dir='ltr'><strong>bonis</strong></span> <span class='ocrx_word' id='word_1_101' title='bbox 585 2091 625 2140; x_wconf 85' lang='lat' dir='ltr'><strong>se</strong></span> <span class='ocrx_word' id='word_1_102' title='bbox 652 2067 802 2140; x_wconf 82' lang='lat' dir='ltr'><strong>beatum</strong></span> <span class='ocrx_word' id='word_1_103' title='bbox 832 2067 871 2138; x_wconf 90' lang='lat' dir='ltr'><strong>in</strong></span> <span class='ocrx_word' id='word_1_104' title='bbox 897 2066 1019 2163; x_wconf 84' lang='lat' dir='ltr'><strong>paucis</strong></span> <span class='ocrx_word' id='word_1_105' title='bbox 1110 2087 1115 2096; x_wconf 91' lang='grc'><strong>’</strong></span> 
     </span>
     <span class='ocr_line' id='line_1_18' title="bbox 14 2162 1020 2266; baseline 0.01 -34"><span class='ocrx_word' id='word_1_106' title='bbox 14 2162 159 2256; x_wconf 63' lang='lat' dir='ltr'><strong>labentis,</strong></span> <span class='ocrx_word' id='word_1_107' title='bbox 197 2168 409 2266; x_wconf 84' lang='lat' dir='ltr'><strong>voluptates</strong></span> <span class='ocrx_word' id='word_1_108' title='bbox 433 2183 472 2240; x_wconf 87' lang='lat' dir='ltr'><strong>et</strong></span> <span class='ocrx_word' id='word_1_109' title='bbox 495 2167 658 2242; x_wconf 84' lang='lat' dir='ltr'><strong>maxime</strong></span> <span class='ocrx_word' id='word_1_110' title='bbox 681 2169 872 2242; x_wconf 80' lang='lat' dir='ltr'><strong>diuturnae</strong></span> <span class='ocrx_word' id='word_1_111' title='bbox 897 2187 934 2240; x_wconf 91' lang='lat' dir='ltr'><strong>et</strong></span> <span class='ocrx_word' id='word_1_112' title='bbox 949 2193 1020 2255; x_wconf 85' lang='lat' dir='ltr'><strong>¹va·</strong></span> 
     </span>
     <span class='ocr_line' id='line_1_19' title="bbox 14 2263 1020 2368; baseline 0.009 -34"><span class='ocrx_word' id='word_1_113' title='bbox 14 2263 52 2336; x_wconf 90' lang='lat' dir='ltr'><strong>ias</strong></span> <span class='ocrx_word' id='word_1_114' title='bbox 74 2269 280 2360; x_wconf 87' lang='lat' dir='ltr'><strong>molientis,</strong></span> <span class='ocrx_word' id='word_1_115' title='bbox 317 2269 421 2342; x_wconf 85' lang='lat' dir='ltr'><strong>triste</strong></span> <span class='ocrx_word' id='word_1_116' title='bbox 452 2263 590 2360; x_wconf 81' lang='lat' dir='ltr'><strong>fatum,</strong></span> <span class='ocrx_word' id='word_1_117' title='bbox 629 2269 774 2368; x_wconf 83' lang='lat' dir='ltr'><strong>insi&#39;gne</strong></span> <span class='ocrx_word' id='word_1_118' title='bbox 805 2271 1020 2366; x_wconf 83' lang='lat' dir='ltr'><strong>exemplum</strong></span> 
     </span>
     <span class='ocr_line' id='line_1_20' title="bbox 14 2368 1019 2466; baseline 0.012 -32"><span class='ocrx_word' id='word_1_119' title='bbox 14 2368 205 2461; x_wconf 87' lang='lat' dir='ltr'><strong>toliditatis‚</strong></span> <span class='ocrx_word' id='word_1_120' title='bbox 246 2395 342 2466; x_wconf 89' lang='lat' dir='ltr'><strong>quae</strong></span> <span class='ocrx_word' id='word_1_121' title='bbox 374 2369 415 2442; x_wconf 89' lang='lat' dir='ltr'><strong>in</strong></span> <span class='ocrx_word' id='word_1_122' title='bbox 442 2395 566 2444; x_wconf 78' lang='lat' dir='ltr'><strong>renam</strong></span> <span class='ocrx_word' id='word_1_123' title='bbox 588 2374 805 2455; x_wconf 82' lang='lat' dir='ltr'><strong>caducarum</strong></span> <span class='ocrx_word' id='word_1_124' title='bbox 836 2388 874 2443; x_wconf 86' lang='lat' dir='ltr'><strong>et</strong></span> <span class='ocrx_word' id='word_1_125' title='bbox 906 2369 1019 2446; x_wconf 85' lang='lat' dir='ltr'><strong>nimia</strong></span> 
     </span>
     <span class='ocr_line' id='line_1_21' title="bbox 14 2469 1101 2571; baseline 0.006 -33"><span class='ocrx_word' id='word_1_126' title='bbox 14 2469 109 2542; x_wconf 81' lang='lat' dir='ltr'><strong>duria</strong></span> <span class='ocrx_word' id='word_1_127' title='bbox 124 2481 167 2544; x_wconf 85' lang='lat' dir='ltr'><strong>‘et</strong></span> <span class='ocrx_word' id='word_1_128' title='bbox 190 2471 376 2560; x_wconf 81' lang='lat' dir='ltr'><strong>aviditate,</strong></span> <span class='ocrx_word' id='word_1_129' title='bbox 402 2497 470 2571; x_wconf 90' lang='lat' dir='ltr'><strong>per</strong></span> <span class='ocrx_word' id='word_1_130' title='bbox 493 2497 618 2546; x_wconf 88' lang='lat' dir='ltr'><strong>sensus</strong></span> <span class='ocrx_word' id='word_1_131' title='bbox 642 2474 822 2563; x_wconf 86' lang='lat' dir='ltr'><strong>suscitata,</strong></span> <span class='ocrx_word' id='word_1_132' title='bbox 848 2473 1018 2546; x_wconf 84' lang='lat' dir='ltr'><strong>cernitur.</strong></span> <span class='ocrx_word' id='word_1_133' title='bbox 1059 2517 1062 2526; x_wconf 87' lang='lat'>.</span> <span class='ocrx_word' id='word_1_134' title='bbox 1097 2521 1101 2528; x_wconf 88' lang='lat'><em>-</em></span> 
     </span>
     <span class='ocr_line' id='line_1_22' title="bbox 14 2569 1020 2674; baseline 0.002 -30"><span class='ocrx_word' id='word_1_135' title='bbox 14 2569 91 2646; x_wconf 85' lang='lat' dir='ltr'><strong>lives</strong></span> <span class='ocrx_word' id='word_1_136' title='bbox 114 2574 258 2672; x_wconf 82' lang='lat' dir='ltr'><strong>ingenti</strong></span> <span class='ocrx_word' id='word_1_137' title='bbox 289 2598 407 2650; x_wconf 84' lang='lat' dir='ltr'><strong>messe</strong></span> <span class='ocrx_word' id='word_1_138' title='bbox 430 2577 693 2674; x_wconf 82' lang='lat' dir='ltr'><strong>locupletatus,</strong></span> <span class='ocrx_word' id='word_1_139' title='bbox 733 2578 877 2648; x_wconf 87' lang='lat' dir='ltr'><strong>tantuin</strong></span> <span class='ocrx_word' id='word_1_140' title='bbox 898 2575 1020 2648; x_wconf 90' lang='lat' dir='ltr'><strong>indul·</strong></span> 
     </span>
     <span class='ocr_line' id='line_1_23' title="bbox 14 2675 1241 2776; baseline -0.001 -25"><span class='ocrx_word' id='word_1_141' title='bbox 14 2689 47 2750; x_wconf 67' lang='lat' dir='ltr'><strong>{et</strong></span> <span class='ocrx_word' id='word_1_142' title='bbox 69 2676 191 2768; x_wconf 80' lang='lat' dir='ltr'><strong>genio,</strong></span> <span class='ocrx_word' id='word_1_143' title='bbox 212 2693 260 2748; x_wconf 88' lang='lat' dir='ltr'><strong>nt</strong></span> <span class='ocrx_word' id='word_1_144' title='bbox 279 2675 374 2748; x_wconf 88' lang='lat' dir='ltr'><strong>nihil</strong></span> <span class='ocrx_word' id='word_1_145' title='bbox 398 2693 501 2749; x_wconf 87' lang='lat' dir='ltr'><strong>curet</strong></span> <span class='ocrx_word' id='word_1_146' title='bbox 525 2677 720 2764; x_wconf 85' lang='lat' dir='ltr'><strong>ardentius,</strong></span> <span class='ocrx_word' id='word_1_147' title='bbox 747 2701 857 2774; x_wconf 88' lang='lat' dir='ltr'><strong>quam</strong></span> <span class='ocrx_word' id='word_1_148' title='bbox 883 2694 925 2747; x_wconf 90' lang='lat' dir='ltr'><strong>ut</strong></span> <span class='ocrx_word' id='word_1_149' title='bbox 945 2703 1021 2750; x_wconf 89' lang='lat' dir='ltr'><strong>am·</strong></span> <span class='ocrx_word' id='word_1_150' title='bbox 1188 2752 1191 2758; x_wconf 73' lang='grc'><strong>,</strong></span> <span class='ocrx_word' id='word_1_151' title='bbox 1228 2765 1241 2776; x_wconf 88' lang='lat'><strong>..</strong></span> 
     </span>
     <span class='ocr_line' id='line_1_24' title="bbox 14 2773 1136 2875; baseline 0.008 -33"><span class='ocrx_word' id='word_1_152' title='bbox 14 2773 95 2848; x_wconf 89' lang='lat' dir='ltr'><strong>liora</strong></span> <span class='ocrx_word' id='word_1_153' title='bbox 119 2779 344 2873; x_wconf 87' lang='lat' dir='ltr'><strong>receptacula</strong></span> <span class='ocrx_word' id='word_1_154' title='bbox 367 2795 490 2850; x_wconf 87' lang='lat' dir='ltr'><strong>tantae</strong></span> <span class='ocrx_word' id='word_1_155' title='bbox 514 2778 641 2875; x_wconf 89' lang='lat' dir='ltr'><strong>copiae</strong></span> <span class='ocrx_word' id='word_1_156' title='bbox 660 2795 743 2873; x_wconf 89' lang='lat' dir='ltr'><strong>apta</strong></span> <span class='ocrx_word' id='word_1_157' title='bbox 767 2779 807 2850; x_wconf 91' lang='lat' dir='ltr'><strong>in</strong></span> <span class='ocrx_word' id='word_1_158' title='bbox 834 2777 1020 2850; x_wconf 89' lang='lat' dir='ltr'><strong>minorum</strong></span> <span class='ocrx_word' id='word_1_159' title='bbox 1133 2794 1136 2800; x_wconf 82' lang='grc'><strong>“</strong></span> 
     </span>
     <span class='ocr_line' id='line_1_25' title="bbox 14 2879 1021 2978; baseline 0.008 -35"><span class='ocrx_word' id='word_1_160' title='bbox 14 2897 102 2948; x_wconf 81' lang='lat' dir='ltr'><strong>acum</strong></span> <span class='ocrx_word' id='word_1_161' title='bbox 126 2896 312 2970; x_wconf 84' lang='lat' dir='ltr'><strong>exstruat,</strong></span> <span class='ocrx_word' id='word_1_162' title='bbox 336 2897 375 2951; x_wconf 88' lang='lat' dir='ltr'><strong>et</strong></span> <span class='ocrx_word' id='word_1_163' title='bbox 397 2879 488 2966; x_wconf 85' lang='lat' dir='ltr'><strong>sibi,</strong></span> <span class='ocrx_word' id='word_1_164' title='bbox 518 2896 697 2976; x_wconf 88' lang='lat' dir='ltr'><strong>quantum</strong></span> <span class='ocrx_word' id='word_1_165' title='bbox 722 2879 838 2978; x_wconf 88' lang='lat' dir='ltr'><strong>possit</strong></span> <span class='ocrx_word' id='word_1_166' title='bbox 861 2881 1021 2958; x_wconf 84' lang='lat' dir='ltr'><strong>maxime</strong></span> 
     </span>
     <span class='ocr_line' id='line_1_26' title="bbox 14 2979 1021 3080; baseline 0.008 -36"><span class='ocrx_word' id='word_1_167' title='bbox 14 2980 138 3054; x_wconf 79' lang='lat' dir='ltr'><strong>traria</strong></span> <span class='ocrx_word' id='word_1_168' title='bbox 169 2983 284 3052; x_wconf 88' lang='lat' dir='ltr'><strong>vivat.</strong></span> <span class='ocrx_word' id='word_1_169' title='bbox 340 2983 382 3054; x_wconf 91' lang='lat' dir='ltr'><strong>ld</strong></span> <span class='ocrx_word' id='word_1_170' title='bbox 415 3003 547 3078; x_wconf 85' lang='lat' dir='ltr'><strong>magna</strong></span> <span class='ocrx_word' id='word_1_171' title='bbox 581 2979 733 3054; x_wconf 85' lang='lat' dir='ltr'><strong>veritate</strong></span> <span class='ocrx_word' id='word_1_172' title='bbox 762 2982 1021 3080; x_wconf 80' lang='lat' dir='ltr'><strong>psychologica</strong></span> 
     </span>
     <span class='ocr_line' id='line_1_27' title="bbox 14 3071 1020 3181; baseline 0.009 -35"><span class='ocrx_word' id='word_1_173' title='bbox 14 3071 127 3153; x_wconf 83' lang='lat' dir='ltr'><strong>ffertur</strong></span> <span class='ocrx_word' id='word_1_174' title='bbox 168 3081 336 3156; x_wconf 85' lang='lat' dir='ltr'><strong>oratione</strong></span> <span class='ocrx_word' id='word_1_175' title='bbox 370 3085 528 3155; x_wconf 88' lang='lat' dir='ltr'><strong>inaniter</strong></span> <span class='ocrx_word' id='word_1_176' title='bbox 573 3086 793 3181; x_wconf 59' lang='lat' dir='ltr'><strong>gestiente„</strong></span> <span class='ocrx_word' id='word_1_177' title='bbox 832 3086 1020 3158; x_wconf 83' lang='lat' dir='ltr'><strong>Contraria</strong></span> 
     </span>
     <span class='ocr_line' id='line_1_28' title="bbox 14 3183 1021 3258; baseline 0.009 -9"><span class='ocrx_word' id='word_1_178' title='bbox 14 3183 101 3253; x_wconf 48' lang='lat' dir='ltr'><strong>¹mnia</strong></span> <span class='ocrx_word' id='word_1_179' title='bbox 123 3184 302 3256; x_wconf 88' lang='lat' dir='ltr'><strong>accidunt.</strong></span> <span class='ocrx_word' id='word_1_180' title='bbox 329 3189 430 3256; x_wconf 88' lang='lat' dir='ltr'><strong>Deus</strong></span> <span class='ocrx_word' id='word_1_181' title='bbox 452 3186 579 3257; x_wconf 87' lang='lat' dir='ltr'><strong>eadem</strong></span> <span class='ocrx_word' id='word_1_182' title='bbox 597 3202 704 3258; x_wconf 89' lang='lat' dir='ltr'><strong>nocte</strong></span> <span class='ocrx_word' id='word_1_183' title='bbox 729 3185 934 3258; x_wconf 89' lang='lat' dir='ltr'><strong>multorum</strong></span> <span class='ocrx_word' id='word_1_184' title='bbox 959 3211 1021 3258; x_wconf 90' lang='lat' dir='ltr'><strong>an·</strong></span> 
     </span>
     <span class='ocr_line' id='line_1_29' title="bbox 14 3283 1021 3385; baseline 0.014 -40"><span class='ocrx_word' id='word_1_185' title='bbox 14 3305 111 3354; x_wconf 17' lang='lat' dir='ltr'><strong>,orum</strong></span> <span class='ocrx_word' id='word_1_186' title='bbox 135 3286 269 3358; x_wconf 86' lang='lat' dir='ltr'><strong>seriem</strong></span> <span class='ocrx_word' id='word_1_187' title='bbox 293 3302 332 3358; x_wconf 83' lang='lat' dir='ltr'><strong>et</strong></span> <span class='ocrx_word' id='word_1_188' title='bbox 354 3283 516 3359; x_wconf 83' lang='lat' dir='ltr'><strong>fructum</strong></span> <span class='ocrx_word' id='word_1_189' title='bbox 541 3303 821 3382; x_wconf 84' lang='lat' dir='ltr'><strong>exspectantem,</strong></span> <span class='ocrx_word' id='word_1_190' title='bbox 844 3311 1021 3385; x_wconf 61' lang='lat' dir='ltr'><strong>praynun-</strong></span> 
     </span>
     <span class='ocr_line' id='line_1_30' title="bbox 14 3379 1021 3476; baseline 0.01 -24"><span class='ocrx_word' id='word_1_191' title='bbox 14 3379 143 3476; x_wconf 80' lang='lat' dir='ltr'><strong>lavone,</strong></span> <span class='ocrx_word' id='word_1_192' title='bbox 167 3387 246 3462; x_wconf 80' lang='lat' dir='ltr'><strong>vita</strong></span> <span class='ocrx_word' id='word_1_193' title='bbox 262 3386 366 3460; x_wconf 90' lang='lat' dir='ltr'><strong>iubet</strong></span> <span class='ocrx_word' id='word_1_194' title='bbox 391 3389 575 3476; x_wconf 85' lang='lat' dir='ltr'><strong>decedere,</strong></span> <span class='ocrx_word' id='word_1_195' title='bbox 600 3389 695 3462; x_wconf 91' lang='lat' dir='ltr'><strong>bona</strong></span> <span class='ocrx_word' id='word_1_196' title='bbox 713 3389 838 3462; x_wconf 88' lang='lat' dir='ltr'><strong>relicta</strong></span> <span class='ocrx_word' id='word_1_197' title='bbox 863 3389 1021 3462; x_wconf 84' lang='lat' dir='ltr'><strong>aliorum</strong></span> 
     </span>
     <span class='ocr_line' id='line_1_31' title="bbox 14 3489 1022 3577; baseline 0.01 -25"><span class='ocrx_word' id='word_1_198' title='bbox 14 3503 97 3560; x_wconf 83' lang='lat' dir='ltr'><strong>runt.</strong></span> <span class='ocrx_word' id='word_1_199' title='bbox 163 3490 279 3564; x_wconf 87' lang='lat' dir='ltr'><strong>Addit</strong></span> <span class='ocrx_word' id='word_1_200' title='bbox 307 3515 405 3577; x_wconf 86' lang='lat' dir='ltr'><strong>rem,</strong></span> <span class='ocrx_word' id='word_1_201' title='bbox 451 3489 511 3566; x_wconf 85' lang='lat' dir='ltr'><strong>cui</strong></span> <span class='ocrx_word' id='word_1_202' title='bbox 543 3490 780 3562; x_wconf 86' lang='lat' dir='ltr'><strong>illustrandae</strong></span> <span class='ocrx_word' id='word_1_203' title='bbox 809 3490 1022 3562; x_wconf 78' lang='lat' dir='ltr'><strong>inservierat</strong></span> 
     </span>
     <span class='ocr_line' id='line_1_32' title="bbox 14 3585 1090 3700; baseline 0.006 -43"><span class='ocrx_word' id='word_1_204' title='bbox 14 3609 102 3700; x_wconf 71' lang='lat' dir='ltr'><strong>naga</strong></span> <span class='ocrx_word' id='word_1_205' title='bbox 125 3615 164 3668; x_wconf 83' lang='lat' dir='ltr'><strong>v.</strong></span> <span class='ocrx_word' id='word_1_206' title='bbox 192 3615 272 3665; x_wconf 58' lang='lat' dir='ltr'><strong>orn</strong></span> <span class='ocrx_word' id='word_1_207' title='bbox 298 3589 430 3680; x_wconf 67' lang='grc' dir='ltr'><em>οὕτως</em></span> <span class='ocrx_word' id='word_1_208' title='bbox 455 3587 478 3664; x_wconf 90' lang='grc' dir='ltr'>ὁ</span> <span class='ocrx_word' id='word_1_209' title='bbox 500 3585 755 3698; x_wconf 74' lang='grc' dir='ltr'><em>θησαυρίζων</em></span> <span class='ocrx_word' id='word_1_210' title='bbox 781 3589 929 3692; x_wconf 71' lang='lat' dir='ltr'><strong>intrepi,</strong></span> <span class='ocrx_word' id='word_1_211' title='bbox 955 3589 1022 3670; x_wconf 79' lang='lat' dir='ltr'><strong>stoi</strong></span> <span class='ocrx_word' id='word_1_212' title='bbox 1087 3641 1090 3648; x_wconf 80' lang='lat'><em>·</em></span> 
     </span>
     <span class='ocr_line' id='line_1_33' title="bbox 14 3689 911 3786; baseline 0.012 -25"><span class='ocrx_word' id='word_1_213' title='bbox 14 3709 36 3777; x_wconf 73' lang='lat' dir='ltr'><strong>tl</strong></span> <span class='ocrx_word' id='word_1_214' title='bbox 59 3689 105 3780; x_wconf 80' lang='grc' dir='ltr'><strong>εἰς</strong></span> <span class='ocrx_word' id='word_1_215' title='bbox 127 3691 221 3770; x_wconf 69' lang='grc' dir='ltr'><strong>θεὸν</strong></span> <span class='ocrx_word' id='word_1_216' title='bbox 248 3691 443 3772; x_wconf 66' lang='grc' dir='ltr'><strong>πλουτῶν.</strong></span> <span class='ocrx_word' id='word_1_217' title='bbox 468 3693 534 3786; x_wconf 72' lang='lat' dir='ltr'><strong>m)</strong></span> <span class='ocrx_word' id='word_1_218' title='bbox 908 3697 911 3704; x_wconf 68' lang='lat'>‘</span> 
     </span>
    </p>
   </div>
   <div class='ocr_carea' id='block_1_3' title="bbox 14 3851 217 3876">
    <p class='ocr_par' dir='ltr' id='par_1_4' title="bbox 14 3851 217 3876">
     <span class='ocr_line' id='line_1_34' title="bbox 14 3851 217 3876; baseline 0.015 -6"><span class='ocrx_word' id='word_1_219' title='bbox 14 3851 188 3874; x_wconf 48' lang='grc' dir='ltr'><strong>-ιᾘ</strong></span> <span class='ocrx_word' id='word_1_220' title='bbox 212 3866 217 3876; x_wconf 76' lang='grc'><strong>,</strong></span> 
     </span>
    </p>
   </div>
   <div class='ocr_carea' id='block_1_4' title="bbox 14 3951 1026 4303">
    <p class='ocr_par' dir='ltr' id='par_1_5' title="bbox 26 3951 556 4038">
     <span class='ocr_line' id='line_1_35' title="bbox 26 3951 556 4038; baseline 0.015 -25"><span class='ocrx_word' id='word_1_221' title='bbox 26 3951 59 4028; x_wconf 77' lang='lat'><strong>*)</strong></span> <span class='ocrx_word' id='word_1_222' title='bbox 77 3953 124 4016; x_wconf 84' lang='lat' dir='ltr'><strong>Ci.</strong></span> <span class='ocrx_word' id='word_1_223' title='bbox 143 3955 270 4018; x_wconf 79' lang='lat' dir='ltr'><strong>lincea.</strong></span> <span class='ocrx_word' id='word_1_224' title='bbox 287 3955 311 4016; x_wconf 93' lang='lat' dir='ltr'><strong>l.</strong></span> <span class='ocrx_word' id='word_1_225' title='bbox 332 3978 360 4018; x_wconf 85' lang='lat' dir='ltr'><strong>c.</strong></span> <span class='ocrx_word' id='word_1_226' title='bbox 382 3963 556 4038; x_wconf 69' lang='lat'><strong>158-1400</strong></span> 
     </span>
    </p>

    <p class='ocr_par' dir='ltr' id='par_1_6' title="bbox 14 4039 367 4128">
     <span class='ocr_line' id='line_1_36' title="bbox 14 4039 367 4128; baseline 0.028 -27"><span class='ocrx_word' id='word_1_227' title='bbox 14 4039 56 4119; x_wconf 52' lang='lat' dir='ltr'><strong>st)</strong></span> <span class='ocrx_word' id='word_1_228' title='bbox 74 4043 112 4106; x_wconf 88' lang='lat' dir='ltr'><strong>V.</strong></span> <span class='ocrx_word' id='word_1_229' title='bbox 130 4069 229 4128; x_wconf 86' lang='lat' dir='ltr'><strong>supra</strong></span> <span class='ocrx_word' id='word_1_230' title='bbox 248 4069 281 4126; x_wconf 90' lang='lat' dir='ltr'><strong>p.</strong></span> <span class='ocrx_word' id='word_1_231' title='bbox 303 4055 367 4128; x_wconf 79' lang='lat'>175.</span> 
     </span>
    </p>

    <p class='ocr_par' dir='ltr' id='par_1_7' title="bbox 14 4129 1026 4303">
     <span class='ocr_line' id='line_1_37' title="bbox 14 4129 1025 4222; baseline 0.005 -28"><span class='ocrx_word' id='word_1_232' title='bbox 14 4129 75 4211; x_wconf 57' lang='lat' dir='ltr'><strong>”il</strong></span> <span class='ocrx_word' id='word_1_233' title='bbox 94 4136 192 4198; x_wconf 85' lang='lat' dir='ltr'><strong>Varie</strong></span> <span class='ocrx_word' id='word_1_234' title='bbox 213 4137 244 4200; x_wconf 83' lang='lat' dir='ltr'><strong>lr.</strong></span> <span class='ocrx_word' id='word_1_235' title='bbox 263 4137 437 4204; x_wconf 79' lang='lat' dir='ltr'><strong>formulam</strong></span> <span class='ocrx_word' id='word_1_236' title='bbox 456 4145 533 4202; x_wconf 82' lang='lat' dir='ltr'><strong>varii</strong></span> <span class='ocrx_word' id='word_1_237' title='bbox 560 4145 683 4222; x_wconf 72' lang='lat' dir='ltr'><strong>ingenii</strong></span> <span class='ocrx_word' id='word_1_238' title='bbox 704 4146 895 4220; x_wconf 83' lang='lat' dir='ltr'><strong>interpretes</strong></span> <span class='ocrx_word' id='word_1_239' title='bbox 919 4141 1025 4220; x_wconf 76' lang='lat' dir='ltr'><strong>expla-</strong></span> 
     </span>
     <span class='ocr_line' id='line_1_38' title="bbox 60 4214 1026 4303; baseline 0.01 -33"><span class='ocrx_word' id='word_1_240' title='bbox 60 4227 173 4274; x_wconf 80' lang='lat' dir='ltr'><strong>nantes</strong></span> <span class='ocrx_word' id='word_1_241' title='bbox 192 4214 305 4277; x_wconf 85' lang='lat' dir='ltr'><strong>videre</strong></span> <span class='ocrx_word' id='word_1_242' title='bbox 325 4231 383 4276; x_wconf 83' lang='lat' dir='ltr'><strong>est.</strong></span> <span class='ocrx_word' id='word_1_243' title='bbox 427 4215 569 4278; x_wconf 73' lang='lat' dir='ltr'><strong>Gnosius</strong></span> <span class='ocrx_word' id='word_1_244' title='bbox 596 4223 828 4296; x_wconf 85' lang='lat' dir='ltr'><strong>iuterpretatur</strong></span> <span class='ocrx_word' id='word_1_245' title='bbox 853 4239 913 4296; x_wconf 80' lang='lat' dir='ltr'><strong>per</strong></span> <span class='ocrx_word' id='word_1_246' title='bbox 935 4218 1026 4303; x_wconf 75' lang='lat' dir='ltr'><strong>trapi</strong></span> 
     </span>
    </p>
   </div>
   <div class='ocr_carea' id='block_1_5' title="bbox 0 0 1292 4994">
    <p class='ocr_par' dir='ltr' id='par_1_8' title="bbox 0 0 1292 4994">
     <span class='ocr_line' id='line_1_39' title="bbox 0 0 1292 4994; baseline 0 0"><span class='ocrx_word' id='word_1_247' title='bbox 0 0 1292 4994; x_wconf 95' lang='lat' dir='ltr'><strong> </strong></span> 
     </span>
    </p>
   </div>
  </div>
 </body>
</html>
