2648 4990
374 387 787 462 μων*-

70 527 196 608 lessies
229 471 320 624 (reb,
350 551 368 606 ι
397 533 498 628 sqq.)
524 529 572 603 de
592 529 756 606 Messias
778 531 914 632 egendi
941 534 1101 626 urtone,

71 629 362 708 svenditetione
389 649 428 706 et
444 631 697 706 ostentatione
726 635 868 724 eliens,
893 635 1101 712 tradiderit.

71 743 181 833 Quem
197 735 327 834 locum
344 733 554 808 Iessisnum
570 734 628 808 his
646 736 827 810 aetatibus
842 736 883 808 in
900 739 1103 810 Messisnis

70 835 236 954 debitum
254 831 394 926 fuisse,
418 835 482 912 vel
503 860 525 916 ο
544 835 733 914 chaldaice
755 837 1102 912 osnslstioneeol·

38 1053 42 1076 ²
69 937 356 1137 llgliibbtnrogis
379 1035 571 1114 buovslet
591 1015 706 1114 Mttb.
725 1034 790 1128 sd,
814 1063 870 1113 ro.
891 1039 955 1134 (ci.
972 1044 1049 1112 Me.
1065 1061 1102 1130 a,

74 1161 240 1227 s7-5o
265 1145 356 1214 Luo.
373 1165 415 1237 9,
435 1147 646 1236 stt—sn),
672 1142 706 1218 si
728 1143 893 1240 penitius
909 1145 1115 1239 cognosci·

72 1255 137 1314 tur.
186 1241 345 1340 Rogstis
362 1243 463 1314 enim
480 1241 686 1340 discipulis,
702 1265 867 1340 quonam
883 1243 925 1314 in
941 1244 1027 1316 loco
1037 1245 1102 1316 bs·

73 1335 177 1416 beent
188 1343 395 1432 Christum,
412 1351 545 1418 Petrus
561 1369 690 1420 sorum
704 1346 863 1420 nomine
879 1345 931 1416 its
947 1367 1103 1440 respon·

73 1441 145 1533 det,
176 1460 223 1516 ut
248 1469 337 1520 eum
369 1445 431 1520 dei
458 1446 583 1522 filium
613 1445 736 1521 libero
771 1471 837 1520 ore
867 1445 1103 1542 profitentur.

73 1549 144 1642 Qus
159 1547 424 1620 enuntiatione
438 1547 594 1622 mirilico
609 1553 732 1622 lesum
746 1546 971 1620 delectatum
983 1547 1103 1620 luisse

73 1647 243 1744 legimus,
265 1647 319 1722 its
336 1667 383 1722 ut
403 1651 591 1750 ingenuae
607 1647 856 1746 professionis
869 1673 951 1722 non
968 1647 1014 1718 sb
1031 1650 1107 1722 bu-

73 1771 173 1821 mrns
188 1751 293 1824 Petri
306 1749 437 1826 indole
450 1751 713 1850 sentiendique
725 1755 873 1824 ratione
893 1743 1018 1854 (σάρξ
1035 1748 1103 1826 καὶ

76 1841 199 1942 tipo),
232 1852 343 1924 sede
371 1851 505 1926 divino
531 1851 662 1925 efflatu
694 1854 879 1952 originem
907 1871 1104 1947 repeteret,

23 2023 28 2032 ,
74 1953 163 2026 'tum
172 1951 214 2029 iu
228 1951 363 2025 leudes
377 1951 592 2028 effunditur
601 1957 835 2028 oonstsntise
847 1951 1104 2027 fortitudinis·

76 2075 141 2146 que
154 2053 320 2149 apostoli
340 2055 464 2128 huius.
514 2057 648 2129 Nihilo
668 2055 795 2129 minus
810 2055 852 2126 in
870 2055 952 2151 line
964 2055 1106 2129 oratio·

23 2159 25 2168 ’
75 2153 127 2226 nis
150 2151 400 2230 familiaribus
417 2155 708 2258 diligentissime
727 2156 965 2230 interdixisse
988 2157 1103 2229 tredi-

76 2265 144 2344 tur,
161 2279 265 2330 nese
276 2259 377 2354 opud
390 2282 618 2355 quemquem
631 2262 813 2334 Messinm
826 2257 1104 2356 profiterentur.

78 2357 213 2432 Exinde
243 2357 358 2433 iseile
382 2360 628 2458 intelligitur,
662 2361 772 2436 sliter
802 2364 929 2438 e'orsm
960 2359 1101 2447 amicis,

76 2457 172 2534 sliter
191 2481 319 2535 eorem
341 2462 475 2560 plebe,
505 2465 785 2562 praeconceptis
806 2457 1005 2538 oboseorte'
1022 2462 1103 2557 opi·

74 2557 269 2654 rioribus,
303 2563 351 2636 de
376 2565 446 2638 hee
466 2590 507 2638 re
537 2565 716 2641 ststoisse
738 2563 938 2640 Christum.
990 2563 1104 2662 Quod

75 2662 164 2738 enim
179 2663 226 2737 sb
246 2663 374 2738 amieis
386 2665 563 2740 lubenter
574 2667 763 2756 sudiebst,
781 2667 829 2738 de
844 2689 889 2738 eo
905 2665 1023 2739 celere
1036 2691 1104 2760 po·

74 2765 196 2858 pulum
211 2791 296 2840 non
312 2765 394 2840 sine
406 2791 515 2840 oeuss
524 2767 689 2842 volebat
720 2767 817 2843 Add.
834 2771 910 2840 Mc.
927 2771 1038 2860 7,36.
1054 2767 1102 2840 el.
1143 2829 1150 2839 .

75 2867 146 2938 Nee
157 2867 489 2964 reprehendendus
504 2887 711 2966 propterea,
728 2868 830 2968 quod
841 2865 945 2940 dedit
960 2867 1103 2964 aliquid

75 2970 320 3065 temporibus,
345 2985 392 3042 et
415 2970 694 3067 sapientissimo
717 2969 879 3044 consilio
900 2966 1023 3068 plebis
1050 2965 1105 3042 ei·

76 3063 230 3145 irenstss
253 3071 476 3168 cupiditates
494 3072 656 3144 oodrcuit
669 3071 809 3172 magis,
834 3095 947 3168 quens
962 3072 1104 3146 relexe-

77 3171 143 3256 titt
168 3171 214 3246 de
230 3197 307 3270 qus
324 3197 365 3246 re
385 3173 511 3248 stetim
528 3173 673 3246 dicetur
693 3171 896 3272 copiosius.
986 3219 993 3233 ι

143 3275 214 3346 Sed
238 3272 379 3348 adsunt
400 3275 471 3348 slis
489 3275 626 3348 Christi
640 3275 737 3348 diets
761 3293 799 3348 et
819 3273 936 3362 fecte,
963 3271 1103 3374 quibus
1195 3266 1199 3274 ’

78 3371 159 3446 setis
181 3375 427 3450 declaravisse
446 3373 550 3452 visus
574 3396 649 3486 esf,
674 3401 750 3474 quo
768 3375 927 3450 tendant
944 3376 1102 3448 consilis

77 3493 155 3562 sut,
188 3477 302 3572 quale
331 3503 493 3568 nomen,
532 3497 712 3574 quantem
738 3477 998 3552 auctoritatem
1030 3475 1105 3549 sibi
1215 3546 1220 3564 ,
1296 3497 1297 3586 l

76 3573 267 3650 oibuendr
281 3597 443 3652 censeat.
483 3581 778 3677 Legislstionem
792 3597 935 3652 tentore
951 3601 1102 3666 novom,

76 3677 295 3780 sancitisque
315 3679 592 3756 consuetudine
611 3681 850 3780 rereligione
866 3695 1104 3752 vetustorum

76 3773 266 3852 doctorum
287 3779 443 3858 decretis
457 3783 609 3878 puriore
627 3781 797 3856 doctrino
816 3784 1011 3878 derogare,
1038 3805 1103 3850 ne-

77 3877 164 3949 mini
186 3881 261 3953 nisi
276 3884 439 3956 Messias
461 3885 596 3966 berum
620 3901 785 3959 eetstum
805 3883 935 3956 Iudsei
954 3881 1104 3953 licitum

78 3977 343 4086 existimabant.
400 3985 527 4059 Huius
547 3986 663 4086 igitur
683 4003 808 4082 partes
828 3983 902 4058 sibi
925 3982 1104 4056 sumsisse

79 4079 276 4174 Christum,
304 4083 395 4182 quid
419 4085 570 4160 tandem
584 4111 792 4186 possumus
817 4085 1007 4171 dubitare,
1021 4107 1103 4187 ‚sus

78 4199 258 4280 praecepto
278 4190 320 4259 in
341 4213 387 4265 eo
402 4211 596 4279 sermone,
622 4213 732 4285 quens
750 4190 800 4260 de
814 4204 944 4260 nsonte
958 4185 1103 4274 hebuit,

1291 4167 1294 4307 ψ
