<?xml version="1.0" encoding="UTF-8"?>
<!DOCTYPE html PUBLIC "-//W3C//DTD XHTML 1.0 Transitional//EN"
    "http://www.w3.org/TR/xhtml1/DTD/xhtml1-transitional.dtd">
<html xmlns="http://www.w3.org/1999/xhtml" xml:lang="en" lang="en">
 <head>
  <title>
</title>
<meta http-equiv="Content-Type" content="text/html;charset=utf-8" />
  <meta name='ocr-system' content='tesseract 3.04.00' />
  <meta name='ocr-capabilities' content='ocr_page ocr_carea ocr_par ocr_line ocrx_word'/>
</head>
<body>
  <div class='ocr_page' id='page_1' title='image "./deregnodivinoli00flecgoog/deregnodivinoli00flecgoog_0130.png"; bbox 0 0 2608 4996; ppageno 0'>
   <div class='ocr_carea' id='block_1_1' title="bbox 349 361 976 484">
    <p class='ocr_par' dir='ltr' id='par_1_1' title="bbox 349 361 976 484">
     <span class='ocr_line' id='line_1_1' title="bbox 349 361 976 484; baseline 0 -38"><span class='ocrx_word' id='word_1_1' title='bbox 349 408 761 484; x_wconf 56' lang='lat' dir='ltr'>...mo-.-</span> <span class='ocrx_word' id='word_1_2' title='bbox 960 361 976 396; x_wconf 61' lang='lat'><strong><em>³</em></strong></span> 
     </span>
    </p>
   </div>
   <div class='ocr_carea' id='block_1_2' title="bbox 46 553 1163 658">
    <p class='ocr_par' dir='ltr' id='par_1_2' title="bbox 46 553 1163 658">
     <span class='ocr_line' id='line_1_2' title="bbox 46 553 1163 658; baseline -0.004 -29"><span class='ocrx_word' id='word_1_3' title='bbox 46 557 225 658; x_wconf 76' lang='lat' dir='ltr'>quaerere,</span> <span class='ocrx_word' id='word_1_4' title='bbox 251 553 322 630; x_wconf 78' lang='lat' dir='ltr'>alni</span> <span class='ocrx_word' id='word_1_5' title='bbox 353 579 434 630; x_wconf 84' lang='lat' dir='ltr'>earn</span> <span class='ocrx_word' id='word_1_6' title='bbox 453 555 557 652; x_wconf 72' lang='lat' dir='ltr'>&#39;posts</span> <span class='ocrx_word' id='word_1_7' title='bbox 570 571 714 630; x_wconf 84' lang='lat' dir='ltr'>renatas</span> <span class='ocrx_word' id='word_1_8' title='bbox 740 553 864 632; x_wconf 76' lang='lat' dir='ltr'>literas</span> <span class='ocrx_word' id='word_1_9' title='bbox 894 557 1076 654; x_wconf 76' lang='lat' dir='ltr'>permulti</span> <span class='ocrx_word' id='word_1_10' title='bbox 1159 617 1163 624; x_wconf 91' lang='lat'><em>.</em></span> 
     </span>
    </p>
   </div>
   <div class='ocr_carea' id='block_1_3' title="bbox 45 657 1076 1266">
    <p class='ocr_par' dir='ltr' id='par_1_3' title="bbox 45 657 1076 1266">
     <span class='ocr_line' id='line_1_3' title="bbox 47 657 1074 758; baseline 0.003 -26"><span class='ocrx_word' id='word_1_11' title='bbox 47 675 325 758; x_wconf 77' lang='lat' dir='ltr'>praestantesque</span> <span class='ocrx_word' id='word_1_12' title='bbox 345 658 580 754; x_wconf 87' lang='lat' dir='ltr'>interpretes,</span> <span class='ocrx_word' id='word_1_13' title='bbox 591 657 626 747; x_wconf 76' lang='grc'>*)</span> <span class='ocrx_word' id='word_1_14' title='bbox 656 657 850 752; x_wconf 85' lang='lat' dir='ltr'>recentiori</span> <span class='ocrx_word' id='word_1_15' title='bbox 873 677 1074 758; x_wconf 76' lang='lat' dir='ltr'>nostreque</span> 
     </span>
     <span class='ocr_line' id='line_1_4' title="bbox 46 759 1073 858; baseline 0 -22"><span class='ocrx_word' id='word_1_16' title='bbox 46 781 150 836; x_wconf 82' lang='lat' dir='ltr'>aetate</span> <span class='ocrx_word' id='word_1_17' title='bbox 171 760 326 838; x_wconf 84' lang='lat' dir='ltr'>minime</span> <span class='ocrx_word' id='word_1_18' title='bbox 346 762 455 856; x_wconf 74' lang='lat' dir='ltr'>pauni</span> <span class='ocrx_word' id='word_1_19' title='bbox 468 759 517 850; x_wconf 79' lang='grc'>**)</span> <span class='ocrx_word' id='word_1_20' title='bbox 539 761 770 840; x_wconf 81' lang='lat' dir='ltr'>retinuerint,</span> <span class='ocrx_word' id='word_1_21' title='bbox 794 797 846 817; x_wconf 84' lang='lat'>-·-</span> <span class='ocrx_word' id='word_1_22' title='bbox 896 763 1073 858; x_wconf 78' lang='lat' dir='ltr'>Qnmnvia</span> 
     </span>
     <span class='ocr_line' id='line_1_5' title="bbox 45 861 1076 960; baseline -0.001 -21"><span class='ocrx_word' id='word_1_23' title='bbox 45 867 165 939; x_wconf 85' lang='lat' dir='ltr'>enime</span> <span class='ocrx_word' id='word_1_24' title='bbox 180 861 399 935; x_wconf 88' lang='lat' dir='ltr'>Hebraismo</span> <span class='ocrx_word' id='word_1_25' title='bbox 414 863 456 934; x_wconf 88' lang='lat' dir='ltr'>in</span> <span class='ocrx_word' id='word_1_26' title='bbox 471 861 607 960; x_wconf 84' lang='lat' dir='ltr'>vulgus</span> <span class='ocrx_word' id='word_1_27' title='bbox 626 880 719 938; x_wconf 89' lang='lat' dir='ltr'>noto</span> <span class='ocrx_word' id='word_1_28' title='bbox 732 861 804 956; x_wconf 63' lang='lat' dir='ltr'>m)</span> <span class='ocrx_word' id='word_1_29' title='bbox 829 887 941 936; x_wconf 86' lang='lat' dir='ltr'>nemo</span> <span class='ocrx_word' id='word_1_30' title='bbox 963 863 1076 938; x_wconf 84' lang='lat' dir='ltr'>dubi·</span> 
     </span>
     <span class='ocr_line' id='line_1_6' title="bbox 47 959 1074 1072; baseline 0.002 -34"><span class='ocrx_word' id='word_1_31' title='bbox 47 985 93 1038; x_wconf 88' lang='lat' dir='ltr'>tet</span> <span class='ocrx_word' id='word_1_32' title='bbox 109 963 188 1040; x_wconf 76' lang='lat' dir='ltr'>utar</span> <span class='ocrx_word' id='word_1_33' title='bbox 205 959 422 1069; x_wconf 68' lang='grc' dir='ltr'>ἀνθρώπω</span> <span class='ocrx_word' id='word_1_34' title='bbox 435 987 504 1058; x_wconf 84' lang='lat' dir='ltr'>pro</span> <span class='ocrx_word' id='word_1_35' title='bbox 521 961 746 1072; x_wconf 75' lang='grc' dir='ltr'><em>ἄνθρωπον,</em></span> <span class='ocrx_word' id='word_1_36' title='bbox 764 961 859 1052; x_wconf 72' lang='grc' dir='ltr'>τοὺς</span> <span class='ocrx_word' id='word_1_37' title='bbox 874 961 981 1054; x_wconf 78' lang='grc' dir='ltr'><em>υἱοὺς</em></span> <span class='ocrx_word' id='word_1_38' title='bbox 991 961 1074 1040; x_wconf 70' lang='lat' dir='ltr'>rer</span> 
     </span>
     <span class='ocr_line' id='line_1_7' title="bbox 48 1065 1073 1174; baseline -0.005 -30"><span class='ocrx_word' id='word_1_39' title='bbox 48 1065 255 1174; x_wconf 69' lang='grc' dir='ltr'>ἀνθρώπων</span> <span class='ocrx_word' id='word_1_40' title='bbox 271 1091 339 1163; x_wconf 90' lang='lat' dir='ltr'>pro</span> <span class='ocrx_word' id='word_1_41' title='bbox 354 1065 557 1140; x_wconf 63' lang='lat' dir='ltr'>bombus</span> <span class='ocrx_word' id='word_1_42' title='bbox 571 1065 679 1162; x_wconf 90' lang='lat' dir='ltr'>poni,</span> <span class='ocrx_word' id='word_1_43' title='bbox 705 1066 919 1163; x_wconf 79' lang='lat' dir='ltr'>praesertim</span> <span class='ocrx_word' id='word_1_44' title='bbox 932 1068 1073 1162; x_wconf 76' lang='lat' dir='ltr'>poetisa</span> 
     </span>
     <span class='ocr_line' id='line_1_8' title="bbox 48 1166 1073 1266; baseline -0.002 -22"><span class='ocrx_word' id='word_1_45' title='bbox 48 1191 155 1244; x_wconf 85' lang='lat' dir='ltr'>tamen</span> <span class='ocrx_word' id='word_1_46' title='bbox 175 1167 241 1240; x_wconf 82' lang='lat' dir='ltr'>hic</span> <span class='ocrx_word' id='word_1_47' title='bbox 270 1191 362 1240; x_wconf 84' lang='lat' dir='ltr'>usus</span> <span class='ocrx_word' id='word_1_48' title='bbox 379 1167 434 1255; x_wconf 89' lang='lat' dir='ltr'>ei,</span> <span class='ocrx_word' id='word_1_49' title='bbox 463 1191 578 1264; x_wconf 88' lang='lat' dir='ltr'>quam·</span> <span class='ocrx_word' id='word_1_50' title='bbox 598 1169 748 1258; x_wconf 85' lang='lat' dir='ltr'>volunt,</span> <span class='ocrx_word' id='word_1_51' title='bbox 779 1166 1073 1266; x_wconf 77' lang='lat' dir='ltr'>interpretationi</span> 
     </span>
    </p>
   </div>
   <div class='ocr_carea' id='block_1_4' title="bbox 47 1269 1187 1489">
    <p class='ocr_par' dir='ltr' id='par_1_4' title="bbox 47 1269 1187 1489">
     <span class='ocr_line' id='line_1_9' title="bbox 47 1269 1187 1348; baseline 0.004 -4"><span class='ocrx_word' id='word_1_52' title='bbox 47 1271 268 1346; x_wconf 72' lang='lat' dir='ltr'>stabiliendae</span> <span class='ocrx_word' id='word_1_53' title='bbox 282 1269 437 1344; x_wconf 86' lang='lat' dir='ltr'>minime</span> <span class='ocrx_word' id='word_1_54' title='bbox 452 1286 711 1342; x_wconf 86' lang='lat' dir='ltr'>consentaneus</span> <span class='ocrx_word' id='word_1_55' title='bbox 726 1285 790 1346; x_wconf 84' lang='lat' dir='ltr'>est.</span> <span class='ocrx_word' id='word_1_56' title='bbox 823 1273 959 1344; x_wconf 86' lang='lat' dir='ltr'>Nonne</span> <span class='ocrx_word' id='word_1_57' title='bbox 971 1270 1074 1348; x_wconf 76' lang='lat' dir='ltr'>enim</span> <span class='ocrx_word' id='word_1_58' title='bbox 1184 1275 1187 1294; x_wconf 92' lang='lat'>&#39;</span> 
     </span>
     <span class='ocr_line' id='line_1_10' title="bbox 48 1365 1125 1489; baseline -0.003 -42"><span class='ocrx_word' id='word_1_59' title='bbox 48 1371 156 1461; x_wconf 76' lang='grc' dir='ltr'><strong><em>ὁυῖὸς</em></strong></span> <span class='ocrx_word' id='word_1_60' title='bbox 170 1370 245 1457; x_wconf 74' lang='grc' dir='ltr'>τοῦ</span> <span class='ocrx_word' id='word_1_61' title='bbox 262 1365 479 1476; x_wconf 72' lang='grc' dir='ltr'>ἀνθρώπου</span> <span class='ocrx_word' id='word_1_62' title='bbox 491 1397 577 1444; x_wconf 81' lang='lat' dir='ltr'>cum</span> <span class='ocrx_word' id='word_1_63' title='bbox 592 1372 730 1462; x_wconf 81' lang='lat' dir='ltr'>duplici·</span> <span class='ocrx_word' id='word_1_64' title='bbox 738 1375 903 1489; x_wconf 66' lang='lat' dir='ltr'>articulo</span> <span class='ocrx_word' id='word_1_65' title='bbox 928 1372 1073 1470; x_wconf 85' lang='lat' dir='ltr'>gravio-</span> <span class='ocrx_word' id='word_1_66' title='bbox 1121 1393 1125 1402; x_wconf 88' lang='grc'>’</span> 
     </span>
    </p>
   </div>
   <div class='ocr_carea' id='block_1_5' title="bbox 47 1469 1077 2902">
    <p class='ocr_par' dir='ltr' id='par_1_5' title="bbox 47 1469 1077 2902">
     <span class='ocr_line' id='line_1_11' title="bbox 47 1469 1074 1572; baseline -0.001 -26"><span class='ocrx_word' id='word_1_67' title='bbox 47 1501 114 1547; x_wconf 88' lang='lat' dir='ltr'>rem</span> <span class='ocrx_word' id='word_1_68' title='bbox 129 1471 290 1552; x_wconf 84' lang='lat' dir='ltr'>‚habebit</span> <span class='ocrx_word' id='word_1_69' title='bbox 321 1475 400 1546; x_wconf 85' lang='lat' dir='ltr'>vim</span> <span class='ocrx_word' id='word_1_70' title='bbox 413 1489 468 1550; x_wconf 64' lang='lat' dir='ltr'>fet</span> <span class='ocrx_word' id='word_1_71' title='bbox 493 1469 775 1570; x_wconf 79' lang='lat' dir='ltr'>profundiorem</span> <span class='ocrx_word' id='word_1_72' title='bbox 799 1469 1074 1572; x_wconf 68' lang='lat' dir='ltr'>significatum?</span> 
     </span>
     <span class='ocr_line' id='line_1_12' title="bbox 49 1571 1073 1674; baseline 0.006 -26"><span class='ocrx_word' id='word_1_73' title='bbox 49 1576 216 1674; x_wconf 75' lang='lat' dir='ltr'>autquid</span> <span class='ocrx_word' id='word_1_74' title='bbox 232 1575 337 1646; x_wconf 85' lang='lat' dir='ltr'>aliud</span> <span class='ocrx_word' id='word_1_75' title='bbox 359 1573 400 1646; x_wconf 92' lang='lat' dir='ltr'>in</span> <span class='ocrx_word' id='word_1_76' title='bbox 422 1597 526 1650; x_wconf 85' lang='lat' dir='ltr'>eausa</span> <span class='ocrx_word' id='word_1_77' title='bbox 549 1599 626 1646; x_wconf 86' lang='lat' dir='ltr'>esse</span> <span class='ocrx_word' id='word_1_78' title='bbox 649 1573 896 1662; x_wconf 76' lang='lat' dir='ltr'>censebimus,</span> <span class='ocrx_word' id='word_1_79' title='bbox 922 1577 1023 1672; x_wconf 92' lang='lat' dir='ltr'>quod</span> <span class='ocrx_word' id='word_1_80' title='bbox 1048 1571 1073 1654; x_wconf 80' lang='lat' dir='ltr'>d</span> 
     </span>
     <span class='ocr_line' id='line_1_13' title="bbox 50 1670 1074 1781; baseline -0.004 -27"><span class='ocrx_word' id='word_1_81' title='bbox 50 1677 119 1767; x_wconf 75' lang='grc' dir='ltr'>υἱὸς</span> <span class='ocrx_word' id='word_1_82' title='bbox 132 1675 219 1752; x_wconf 77' lang='grc' dir='ltr'>τοῦ</span> <span class='ocrx_word' id='word_1_83' title='bbox 239 1670 458 1781; x_wconf 74' lang='grc' dir='ltr'>ἀνθρώπου</span> <span class='ocrx_word' id='word_1_84' title='bbox 472 1679 565 1770; x_wconf 86' lang='lat' dir='ltr'>(uno</span> <span class='ocrx_word' id='word_1_85' title='bbox 579 1693 734 1772; x_wconf 84' lang='lat' dir='ltr'>excepto</span> <span class='ocrx_word' id='word_1_86' title='bbox 751 1673 834 1748; x_wconf 78' lang='lat' dir='ltr'>loco</span> <span class='ocrx_word' id='word_1_87' title='bbox 848 1682 902 1750; x_wconf 92' lang='lat'>10.</span> <span class='ocrx_word' id='word_1_88' title='bbox 919 1697 963 1768; x_wconf 80' lang='lat'>5,</span> <span class='ocrx_word' id='word_1_89' title='bbox 986 1679 1074 1772; x_wconf 63' lang='lat' dir='ltr'>ep),</span> 
     </span>
     <span class='ocr_line' id='line_1_14' title="bbox 49 1773 1075 1880; baseline 0.001 -26"><span class='ocrx_word' id='word_1_90' title='bbox 49 1807 111 1854; x_wconf 88' lang='lat' dir='ltr'>non</span> <span class='ocrx_word' id='word_1_91' title='bbox 132 1775 212 1868; x_wconf 71' lang='grc' dir='ltr'><strong><em>υἱὸς</em></strong></span> <span class='ocrx_word' id='word_1_92' title='bbox 235 1773 453 1880; x_wconf 73' lang='grc' dir='ltr'>ἀνθρώπου</span> <span class='ocrx_word' id='word_1_93' title='bbox 476 1779 656 1876; x_wconf 87' lang='lat' dir='ltr'>seriptum</span> <span class='ocrx_word' id='word_1_94' title='bbox 680 1775 769 1870; x_wconf 38' lang='lat' dir='ltr'>siti,</span> <span class='ocrx_word' id='word_1_95' title='bbox 811 1782 1017 1871; x_wconf 88' lang='lat' dir='ltr'>Praeterea,</span> <span class='ocrx_word' id='word_1_96' title='bbox 1042 1779 1075 1855; x_wconf 86' lang='lat' dir='ltr'>ai</span> 
     </span>
     <span class='ocr_line' id='line_1_15' title="bbox 49 1879 1076 1980; baseline 0 -26"><span class='ocrx_word' id='word_1_97' title='bbox 49 1885 107 1954; x_wconf 88' lang='lat' dir='ltr'>boc</span> <span class='ocrx_word' id='word_1_98' title='bbox 119 1881 293 1954; x_wconf 87' lang='lat' dir='ltr'>voluisset</span> <span class='ocrx_word' id='word_1_99' title='bbox 306 1879 511 1969; x_wconf 84' lang='lat' dir='ltr'>Dominus,</span> <span class='ocrx_word' id='word_1_100' title='bbox 536 1882 642 1978; x_wconf 91' lang='lat' dir='ltr'>quid,</span> <span class='ocrx_word' id='word_1_101' title='bbox 666 1903 818 1976; x_wconf 80' lang='lat' dir='ltr'>quaeso,</span> <span class='ocrx_word' id='word_1_102' title='bbox 841 1907 917 1954; x_wconf 92' lang='lat' dir='ltr'>non</span> <span class='ocrx_word' id='word_1_103' title='bbox 939 1883 1076 1980; x_wconf 83' lang='lat' dir='ltr'>sirnplr&#39;·</span> 
     </span>
     <span class='ocr_line' id='line_1_16' title="bbox 50 1979 1075 2078; baseline -0.001 -20"><span class='ocrx_word' id='word_1_104' title='bbox 50 1988 128 2060; x_wconf 78' lang='lat' dir='ltr'>tiore</span> <span class='ocrx_word' id='word_1_105' title='bbox 141 2007 228 2054; x_wconf 87' lang='lat' dir='ltr'>usus</span> <span class='ocrx_word' id='word_1_106' title='bbox 243 1999 298 2054; x_wconf 88' lang='lat' dir='ltr'>est</span> <span class='ocrx_word' id='word_1_107' title='bbox 309 1979 477 2052; x_wconf 68' lang='lat' dir='ltr'>rarione?</span> <span class='ocrx_word' id='word_1_108' title='bbox 527 1987 659 2078; x_wconf 85' lang='lat' dir='ltr'>Neque</span> <span class='ocrx_word' id='word_1_109' title='bbox 675 1983 765 2070; x_wconf 90' lang='lat' dir='ltr'>boc,</span> <span class='ocrx_word' id='word_1_110' title='bbox 790 1982 980 2054; x_wconf 89' lang='lat' dir='ltr'>hominem</span> <span class='ocrx_word' id='word_1_111' title='bbox 998 2005 1075 2056; x_wconf 88' lang='lat' dir='ltr'>esse</span> 
     </span>
     <span class='ocr_line' id='line_1_17' title="bbox 50 2083 1076 2180; baseline 0 -22"><span class='ocrx_word' id='word_1_112' title='bbox 50 2087 237 2171; x_wconf 74' lang='lat' dir='ltr'>ernistum,</span> <span class='ocrx_word' id='word_1_113' title='bbox 265 2083 459 2180; x_wconf 88' lang='lat' dir='ltr'>quisquam</span> <span class='ocrx_word' id='word_1_114' title='bbox 482 2085 543 2155; x_wconf 92' lang='lat' dir='ltr'>vel</span> <span class='ocrx_word' id='word_1_115' title='bbox 566 2084 821 2174; x_wconf 88' lang='lat' dir='ltr'>inimicorum,</span> <span class='ocrx_word' id='word_1_116' title='bbox 855 2085 917 2156; x_wconf 85' lang='lat' dir='ltr'>vel</span> <span class='ocrx_word' id='word_1_117' title='bbox 940 2083 1076 2158; x_wconf 85' lang='lat' dir='ltr'>arnico·</span> 
     </span>
     <span class='ocr_line' id='line_1_18' title="bbox 50 2183 1076 2286; baseline 0 -26"><span class='ocrx_word' id='word_1_118' title='bbox 50 2213 120 2260; x_wconf 86' lang='lat' dir='ltr'>mm</span> <span class='ocrx_word' id='word_1_119' title='bbox 139 2184 332 2286; x_wconf 84' lang='lat' dir='ltr'>ignorabat</span> <span class='ocrx_word' id='word_1_120' title='bbox 348 2183 597 2258; x_wconf 88' lang='lat' dir='ltr'>dubitabatve.</span> <span class='ocrx_word' id='word_1_121' title='bbox 648 2187 754 2258; x_wconf 86' lang='lat' dir='ltr'>Nihil</span> <span class='ocrx_word' id='word_1_122' title='bbox 778 2187 947 2276; x_wconf 79' lang='lat' dir='ltr'>dixisset,</span> <span class='ocrx_word' id='word_1_123' title='bbox 974 2187 1076 2284; x_wconf 87' lang='lat' dir='ltr'>quod</span> 
     </span>
     <span class='ocr_line' id='line_1_19' title="bbox 51 2287 1077 2386; baseline 0.001 -26"><span class='ocrx_word' id='word_1_124' title='bbox 51 2292 86 2360; x_wconf 88' lang='lat' dir='ltr'>ad</span> <span class='ocrx_word' id='word_1_125' title='bbox 102 2313 208 2384; x_wconf 80' lang='lat' dir='ltr'>genus</span> <span class='ocrx_word' id='word_1_126' title='bbox 225 2287 387 2358; x_wconf 89' lang='lat' dir='ltr'>insolens</span> <span class='ocrx_word' id='word_1_127' title='bbox 400 2287 564 2360; x_wconf 86' lang='lat' dir='ltr'>revocari</span> <span class='ocrx_word' id='word_1_128' title='bbox 573 2305 707 2384; x_wconf 84' lang='lat' dir='ltr'>posset.</span> <span class='ocrx_word' id='word_1_129' title='bbox 756 2295 876 2386; x_wconf 81' lang='lat' dir='ltr'>Quare</span> <span class='ocrx_word' id='word_1_130' title='bbox 888 2314 965 2361; x_wconf 87' lang='lat' dir='ltr'>non</span> <span class='ocrx_word' id='word_1_131' title='bbox 979 2289 1077 2361; x_wconf 81' lang='lat' dir='ltr'>dixit</span> 
     </span>
     <span class='ocr_line' id='line_1_20' title="bbox 50 2387 1076 2494; baseline 0.002 -32"><span class='ocrx_word' id='word_1_132' title='bbox 50 2417 81 2462; x_wconf 88' lang='lat' dir='ltr'>se</span> <span class='ocrx_word' id='word_1_133' title='bbox 103 2387 332 2494; x_wconf 74' lang='grc' dir='ltr'><em>ἄνθρωπον,</em></span> <span class='ocrx_word' id='word_1_134' title='bbox 363 2405 407 2460; x_wconf 91' lang='lat' dir='ltr'>ut</span> <span class='ocrx_word' id='word_1_135' title='bbox 431 2413 581 2484; x_wconf 83' lang='lat' dir='ltr'>onrnenr</span> <span class='ocrx_word' id='word_1_136' title='bbox 603 2391 665 2461; x_wconf 89' lang='lat' dir='ltr'>vel</span> <span class='ocrx_word' id='word_1_137' title='bbox 691 2391 990 2464; x_wconf 83' lang='lat' dir='ltr'>malevolentiam</span> <span class='ocrx_word' id='word_1_138' title='bbox 1012 2391 1076 2466; x_wconf 82' lang='lat' dir='ltr'>vel</span> 
     </span>
     <span class='ocr_line' id='line_1_21' title="bbox 51 2491 1076 2587; baseline 0.006 -25"><span class='ocrx_word' id='word_1_139' title='bbox 51 2495 276 2564; x_wconf 86' lang='lat' dir='ltr'>stoliditatem</span> <span class='ocrx_word' id='word_1_140' title='bbox 292 2493 520 2562; x_wconf 85' lang='lat' dir='ltr'>audientium</span> <span class='ocrx_word' id='word_1_141' title='bbox 543 2491 814 2587; x_wconf 67' lang='lat' dir='ltr'>praeverteret?</span> <span class='ocrx_word' id='word_1_142' title='bbox 864 2497 947 2564; x_wconf 84' lang='lat' dir='ltr'>Inte</span> <span class='ocrx_word' id='word_1_143' title='bbox 964 2491 1076 2568; x_wconf 88' lang='lat' dir='ltr'>etiam</span> 
     </span>
     <span class='ocr_line' id='line_1_22' title="bbox 53 2595 1077 2690; baseline 0.002 -24"><span class='ocrx_word' id='word_1_144' title='bbox 53 2596 229 2683; x_wconf 86' lang='lat' dir='ltr'>miramur,</span> <span class='ocrx_word' id='word_1_145' title='bbox 255 2595 355 2690; x_wconf 90' lang='lat' dir='ltr'>quod</span> <span class='ocrx_word' id='word_1_146' title='bbox 373 2619 439 2664; x_wconf 89' lang='lat' dir='ltr'>nec</span> <span class='ocrx_word' id='word_1_147' title='bbox 455 2596 563 2668; x_wconf 85' lang='lat' dir='ltr'>amici</span> <span class='ocrx_word' id='word_1_148' title='bbox 576 2599 761 2680; x_wconf 64' lang='lat' dir='ltr'>Iesu,jnec</span> <span class='ocrx_word' id='word_1_149' title='bbox 775 2595 970 2684; x_wconf 83' lang='lat' dir='ltr'>adversarii</span> <span class='ocrx_word' id='word_1_150' title='bbox 983 2597 1077 2679; x_wconf 81' lang='lat' dir='ltr'>hano</span> 
     </span>
     <span class='ocr_line' id='line_1_23' title="bbox 52 2691 1076 2795; baseline 0.002 -29"><span class='ocrx_word' id='word_1_151' title='bbox 52 2697 320 2791; x_wconf 81' lang='lat' dir='ltr'>appellationem</span> <span class='ocrx_word' id='word_1_152' title='bbox 357 2697 412 2788; x_wconf 89' lang='lat' dir='ltr'>(si</span> <span class='ocrx_word' id='word_1_153' title='bbox 432 2691 505 2768; x_wconf 87' lang='lat' dir='ltr'>fuit</span> <span class='ocrx_word' id='word_1_154' title='bbox 526 2720 567 2766; x_wconf 92' lang='lat' dir='ltr'>ea</span> <span class='ocrx_word' id='word_1_155' title='bbox 596 2719 808 2795; x_wconf 69' lang='lat' dir='ltr'>synonyma</span> <span class='ocrx_word' id='word_1_156' title='bbox 831 2697 975 2774; x_wconf 88' lang='lat' dir='ltr'>nomini</span> <span class='ocrx_word' id='word_1_157' title='bbox 1000 2695 1076 2772; x_wconf 76' lang='grc' dir='ltr'>τοῦ</span> 
     </span>
     <span class='ocr_line' id='line_1_24' title="bbox 53 2793 1077 2902; baseline 0.001 -32"><span class='ocrx_word' id='word_1_158' title='bbox 53 2793 277 2902; x_wconf 67' lang='grc' dir='ltr'>ἀνθρώπου)</span> <span class='ocrx_word' id='word_1_159' title='bbox 304 2797 448 2870; x_wconf 87' lang='lat' dir='ltr'>Christo</span> <span class='ocrx_word' id='word_1_160' title='bbox 466 2797 671 2884; x_wconf 87' lang='lat' dir='ltr'>tribuerint,</span> <span class='ocrx_word' id='word_1_161' title='bbox 697 2799 727 2868; x_wconf 86' lang='lat' dir='ltr'>si</span> <span class='ocrx_word' id='word_1_162' title='bbox 749 2796 795 2870; x_wconf 85' lang='lat' dir='ltr'>ab</span> <span class='ocrx_word' id='word_1_163' title='bbox 813 2823 886 2871; x_wconf 84' lang='lat' dir='ltr'>uno</span> <span class='ocrx_word' id='word_1_164' title='bbox 904 2799 1077 2894; x_wconf 87' lang='lat' dir='ltr'>Stephani</span> 
     </span>
    </p>
   </div>
   <div class='ocr_carea' id='block_1_6' title="bbox 52 2900 1182 2995">
    <p class='ocr_par' dir='ltr' id='par_1_6' title="bbox 52 2900 1182 2995">
     <span class='ocr_line' id='line_1_25' title="bbox 52 2900 1182 2995; baseline 0.004 -25"><span class='ocrx_word' id='word_1_165' title='bbox 52 2904 207 2995; x_wconf 81' lang='lat' dir='ltr'>exemplo</span> <span class='ocrx_word' id='word_1_166' title='bbox 222 2909 303 2972; x_wconf 83' lang='lat' dir='ltr'>Act.</span> <span class='ocrx_word' id='word_1_167' title='bbox 319 2925 362 2990; x_wconf 92' lang='lat'>7,</span> <span class='ocrx_word' id='word_1_168' title='bbox 388 2904 448 2984; x_wconf 82' lang='lat'>56.</span> <span class='ocrx_word' id='word_1_169' title='bbox 474 2900 633 2972; x_wconf 85' lang='lat' dir='ltr'>discedas</span> <span class='ocrx_word' id='word_1_170' title='bbox 658 2903 764 2990; x_wconf 84' lang='lat' dir='ltr'>(nam</span> <span class='ocrx_word' id='word_1_171' title='bbox 787 2900 833 2990; x_wconf 80' lang='lat' dir='ltr'>de</span> <span class='ocrx_word' id='word_1_172' title='bbox 851 2901 997 2988; x_wconf 84' lang='lat' dir='ltr'>ceteris,</span> <span class='ocrx_word' id='word_1_173' title='bbox 1020 2901 1079 2974; x_wconf 88' lang='lat' dir='ltr'>uti</span> <span class='ocrx_word' id='word_1_174' title='bbox 1180 2921 1182 2926; x_wconf 82' lang='lat'>&#39;</span> 
     </span>
    </p>
   </div>
   <div class='ocr_carea' id='block_1_7' title="bbox 52 2997 1079 3414">
    <p class='ocr_par' dir='ltr' id='par_1_7' title="bbox 52 2997 1079 3414">
     <span class='ocr_line' id='line_1_26' title="bbox 52 2997 1079 3098; baseline 0.005 -26"><span class='ocrx_word' id='word_1_175' title='bbox 52 3003 264 3090; x_wconf 81' lang='lat' dir='ltr'>videbimus,</span> <span class='ocrx_word' id='word_1_176' title='bbox 297 3018 418 3097; x_wconf 89' lang='lat' dir='ltr'>potest</span> <span class='ocrx_word' id='word_1_177' title='bbox 442 3001 622 3098; x_wconf 52' lang='lat' dir='ltr'>ambigi„</span> <span class='ocrx_word' id='word_1_178' title='bbox 661 3002 777 3074; x_wconf 86' lang='lat' dir='ltr'>altero</span> <span class='ocrx_word' id='word_1_179' title='bbox 799 3025 889 3073; x_wconf 88' lang='lat' dir='ltr'>vero</span> <span class='ocrx_word' id='word_1_180' title='bbox 913 2999 988 3076; x_wconf 73' lang='lat' dir='ltr'>roa</span> <span class='ocrx_word' id='word_1_181' title='bbox 1013 2997 1079 3076; x_wconf 78' lang='grc' dir='ltr'>ἄν·</span> 
     </span>
     <span class='ocr_line' id='line_1_27' title="bbox 54 3099 1079 3206; baseline 0.004 -34"><span class='ocrx_word' id='word_1_182' title='bbox 54 3100 206 3206; x_wconf 70' lang='lat' dir='ltr'>Speleou</span> <span class='ocrx_word' id='word_1_183' title='bbox 227 3106 380 3175; x_wconf 90' lang='lat' dir='ltr'>nomine</span> <span class='ocrx_word' id='word_1_184' title='bbox 400 3101 611 3198; x_wconf 82' lang='lat' dir='ltr'>frequenter</span> <span class='ocrx_word' id='word_1_185' title='bbox 638 3099 779 3174; x_wconf 88' lang='lat' dir='ltr'>fuerint</span> <span class='ocrx_word' id='word_1_186' title='bbox 801 3103 869 3174; x_wconf 91' lang='lat' dir='ltr'>usi.</span> <span class='ocrx_word' id='word_1_187' title='bbox 918 3109 1001 3176; x_wconf 88' lang='lat' dir='ltr'>lmo</span> <span class='ocrx_word' id='word_1_188' title='bbox 1023 3130 1079 3176; x_wconf 90' lang='lat' dir='ltr'>se·</span> 
     </span>
     <span class='ocr_line' id='line_1_28' title="bbox 55 3197 1078 3310; baseline 0.01 -36"><span class='ocrx_word' id='word_1_189' title='bbox 55 3225 235 3278; x_wconf 84' lang='lat' dir='ltr'>cernuntur</span> <span class='ocrx_word' id='word_1_190' title='bbox 258 3221 438 3302; x_wconf 88' lang='lat' dir='ltr'>potestate</span> <span class='ocrx_word' id='word_1_191' title='bbox 461 3229 524 3278; x_wconf 89' lang='lat' dir='ltr'>sua</span> <span class='ocrx_word' id='word_1_192' title='bbox 549 3201 760 3310; x_wconf 73' lang='grc' dir='ltr'>ἅνθρωπρς</span> <span class='ocrx_word' id='word_1_193' title='bbox 784 3219 822 3276; x_wconf 89' lang='lat' dir='ltr'>et</span> <span class='ocrx_word' id='word_1_194' title='bbox 847 3197 871 3280; x_wconf 85' lang='grc' dir='ltr'>ὁ</span> <span class='ocrx_word' id='word_1_195' title='bbox 896 3201 978 3294; x_wconf 67' lang='lat' dir='ltr'>tribe</span> <span class='ocrx_word' id='word_1_196' title='bbox 1002 3203 1078 3284; x_wconf 71' lang='grc' dir='ltr'>τοῦ</span> 
     </span>
     <span class='ocr_line' id='line_1_29' title="bbox 55 3299 1079 3414; baseline 0.006 -36"><span class='ocrx_word' id='word_1_197' title='bbox 55 3299 267 3414; x_wconf 66' lang='lat' dir='ltr'>napaeos.</span> <span class='ocrx_word' id='word_1_198' title='bbox 317 3313 413 3382; x_wconf 83' lang='lat' dir='ltr'>Rem</span> <span class='ocrx_word' id='word_1_199' title='bbox 434 3303 600 3400; x_wconf 84' lang='lat' dir='ltr'>conficit,</span> <span class='ocrx_word' id='word_1_200' title='bbox 628 3307 727 3404; x_wconf 91' lang='lat' dir='ltr'>quod</span> <span class='ocrx_word' id='word_1_201' title='bbox 743 3305 903 3402; x_wconf 84' lang='lat' dir='ltr'>simplex</span> <span class='ocrx_word' id='word_1_202' title='bbox 923 3309 1079 3384; x_wconf 79' lang='lat' dir='ltr'>bominis</span> 
     </span>
    </p>
   </div>
   <div class='ocr_carea' id='block_1_8' title="bbox 53 3469 244 3492">
    <p class='ocr_par' dir='ltr' id='par_1_8' title="bbox 53 3469 244 3492">
     <span class='ocr_line' id='line_1_30' title="bbox 53 3469 244 3492; baseline 0 0"><span class='ocrx_word' id='word_1_203' title='bbox 53 3469 244 3492; x_wconf 59' lang='grc' dir='ltr'>...ιι-</span> 
     </span>
    </p>
   </div>
   <div class='ocr_carea' id='block_1_9' title="bbox 55 3511 1080 3715">
    <p class='ocr_par' dir='ltr' id='par_1_9' title="bbox 55 3511 1080 3715">
     <span class='ocr_line' id='line_1_31' title="bbox 70 3511 1080 3636; baseline 0 -20"><span class='ocrx_word' id='word_1_204' title='bbox 70 3553 97 3632; x_wconf 79' lang='lat'>*)</span> <span class='ocrx_word' id='word_1_205' title='bbox 115 3556 157 3616; x_wconf 87' lang='lat' dir='ltr'>Ut</span> <span class='ocrx_word' id='word_1_206' title='bbox 180 3559 379 3636; x_wconf 81' lang='lat' dir='ltr'>Zwrnotrns,</span> <span class='ocrx_word' id='word_1_207' title='bbox 415 3511 576 3634; x_wconf 73' lang='lat' dir='ltr'>Bresioi,</span> <span class='ocrx_word' id='word_1_208' title='bbox 613 3559 826 3634; x_wconf 69' lang='lat' dir='ltr'>Quantos,</span> <span class='ocrx_word' id='word_1_209' title='bbox 846 3555 1080 3619; x_wconf 68' lang='lat' dir='ltr'>&#39;Memorem</span> 
     </span>
     <span class='ocr_line' id='line_1_32' title="bbox 55 3631 1060 3715; baseline -0.003 -19"><span class='ocrx_word' id='word_1_210' title='bbox 55 3661 57 3668; x_wconf 95' lang='lat'>·</span> <span class='ocrx_word' id='word_1_211' title='bbox 119 3631 249 3715; x_wconf 75' lang='lat' dir='ltr'>aliique.</span> <span class='ocrx_word' id='word_1_212' title='bbox 289 3635 327 3700; x_wconf 85' lang='lat' dir='ltr'>V.</span> <span class='ocrx_word' id='word_1_213' title='bbox 348 3655 462 3699; x_wconf 81' lang='lat' dir='ltr'>eornm</span> <span class='ocrx_word' id='word_1_214' title='bbox 483 3655 655 3697; x_wconf 87' lang='lat' dir='ltr'>recensum</span> <span class='ocrx_word' id='word_1_215' title='bbox 676 3655 728 3715; x_wconf 80' lang='lat' dir='ltr'>tp.</span> <span class='ocrx_word' id='word_1_216' title='bbox 747 3637 923 3696; x_wconf 75' lang='lat' dir='ltr'>sensnm.</span> <span class='ocrx_word' id='word_1_217' title='bbox 942 3653 978 3714; x_wconf 83' lang='lat' dir='ltr'>p.</span> <span class='ocrx_word' id='word_1_218' title='bbox 993 3651 1060 3712; x_wconf 81' lang='lat'><strong>¹7²·</strong></span> 
     </span>
    </p>
   </div>
   <div class='ocr_carea' id='block_1_10' title="bbox 65 3735 1083 3974">
    <p class='ocr_par' dir='ltr' id='par_1_10' title="bbox 65 3735 1083 3974">
     <span class='ocr_line' id='line_1_33' title="bbox 65 3735 1080 3824; baseline -0.005 -20"><span class='ocrx_word' id='word_1_219' title='bbox 65 3735 114 3820; x_wconf 52' lang='grc' dir='ltr'>Ἠ)</span> <span class='ocrx_word' id='word_1_220' title='bbox 132 3741 175 3804; x_wconf 88' lang='lat' dir='ltr'>Ut</span> <span class='ocrx_word' id='word_1_221' title='bbox 193 3747 466 3824; x_wconf 78' lang='lat' dir='ltr'>Senonrrnnnrns,</span> <span class='ocrx_word' id='word_1_222' title='bbox 488 3747 660 3820; x_wconf 68' lang='lat' dir='ltr'>Oneratas,</span> <span class='ocrx_word' id='word_1_223' title='bbox 681 3746 713 3806; x_wconf 87' lang='lat' dir='ltr'>S.</span> <span class='ocrx_word' id='word_1_224' title='bbox 733 3745 896 3816; x_wconf 71' lang='lat' dir='ltr'>Gelestae,</span> <span class='ocrx_word' id='word_1_225' title='bbox 921 3742 1080 3803; x_wconf 81' lang='lat' dir='ltr'>Etennon·</span> 
     </span>
     <span class='ocr_line' id='line_1_34' title="bbox 115 3817 1083 3896; baseline 0.001 -20"><span class='ocrx_word' id='word_1_226' title='bbox 115 3835 198 3894; x_wconf 78' lang='lat' dir='ltr'>ntus,</span> <span class='ocrx_word' id='word_1_227' title='bbox 217 3821 437 3896; x_wconf 74' lang='lat' dir='ltr'>Wrrsrnsms,</span> <span class='ocrx_word' id='word_1_228' title='bbox 464 3823 655 3896; x_wconf 66' lang='lat' dir='ltr'>Mnaseus,</span> <span class='ocrx_word' id='word_1_229' title='bbox 680 3819 930 3896; x_wconf 68' lang='lat' dir='ltr'>terramus,</span> <span class='ocrx_word' id='word_1_230' title='bbox 956 3817 1083 3880; x_wconf 71' lang='lat' dir='ltr'>Rotna-</span> 
     </span>
     <span class='ocr_line' id='line_1_35' title="bbox 117 3897 718 3974; baseline 0.005 -19"><span class='ocrx_word' id='word_1_231' title='bbox 117 3898 536 3974; x_wconf 71' lang='lat' dir='ltr'>mnnarns,Scn&#39;rrmr1ns,</span> <span class='ocrx_word' id='word_1_232' title='bbox 559 3897 626 3958; x_wconf 73' lang='lat' dir='ltr'>alii.</span> <span class='ocrx_word' id='word_1_233' title='bbox 715 3899 718 3912; x_wconf 91' lang='lat'>&#39;</span> 
     </span>
    </p>
   </div>
   <div class='ocr_carea' id='block_1_11' title="bbox 70 3992 1079 4318">
    <p class='ocr_par' dir='ltr' id='par_1_11' title="bbox 70 3992 1079 4144">
     <span class='ocr_line' id='line_1_36' title="bbox 70 3992 1079 4088; baseline -0.001 -25"><span class='ocrx_word' id='word_1_234' title='bbox 70 3996 133 4080; x_wconf 57' lang='lat' dir='ltr'>m)</span> <span class='ocrx_word' id='word_1_235' title='bbox 153 3992 263 4082; x_wconf 70' lang='lat' dir='ltr'>Qnire</span> <span class='ocrx_word' id='word_1_236' title='bbox 287 4010 425 4068; x_wconf 84' lang='lat' dir='ltr'>minima</span> <span class='ocrx_word' id='word_1_237' title='bbox 452 4027 587 4068; x_wconf 80' lang='lat' dir='ltr'>necesse</span> <span class='ocrx_word' id='word_1_238' title='bbox 620 4020 708 4082; x_wconf 80' lang='lat' dir='ltr'>enat,</span> <span class='ocrx_word' id='word_1_239' title='bbox 747 4005 841 4088; x_wconf 88' lang='lat' dir='ltr'>qnod</span> <span class='ocrx_word' id='word_1_240' title='bbox 865 4003 1079 4065; x_wconf 67' lang='lat' dir='ltr'>semesum·</span> 
     </span>
     <span class='ocr_line' id='line_1_37' title="bbox 119 4077 1078 4144; baseline -0.001 -8"><span class='ocrx_word' id='word_1_241' title='bbox 119 4094 238 4141; x_wconf 78' lang='lat' dir='ltr'>rem&#39;nt</span> <span class='ocrx_word' id='word_1_242' title='bbox 255 4083 288 4144; x_wconf 78' lang='lat' dir='ltr'>fn</span> <span class='ocrx_word' id='word_1_243' title='bbox 310 4083 444 4144; x_wconf 72' lang='lat' dir='ltr'>illimem</span> <span class='ocrx_word' id='word_1_244' title='bbox 464 4099 497 4144; x_wconf 79' lang='lat' dir='ltr'>et</span> <span class='ocrx_word' id='word_1_245' title='bbox 515 4087 716 4144; x_wconf 72' lang='lat' dir='ltr'>notissimam</span> <span class='ocrx_word' id='word_1_246' title='bbox 737 4103 811 4144; x_wconf 85' lang='lat' dir='ltr'>etnn</span> <span class='ocrx_word' id='word_1_247' title='bbox 830 4098 957 4142; x_wconf 82' lang='lat' dir='ltr'>summo</span> <span class='ocrx_word' id='word_1_248' title='bbox 975 4077 1078 4143; x_wconf 73' lang='lat' dir='ltr'>lacto·</span> 
     </span>
    </p>

    <p class='ocr_par' dir='ltr' id='par_1_12' title="bbox 74 4159 1078 4318">
     <span class='ocr_line' id='line_1_38' title="bbox 74 4159 1078 4240; baseline 0 -26"><span class='ocrx_word' id='word_1_249' title='bbox 74 4227 78 4232; x_wconf 25' lang='grc' dir='ltr'>Ι</span> <span class='ocrx_word' id='word_1_250' title='bbox 120 4173 189 4214; x_wconf 85' lang='lat' dir='ltr'>rum</span> <span class='ocrx_word' id='word_1_251' title='bbox 215 4159 323 4220; x_wconf 83' lang='lat' dir='ltr'>taedro</span> <span class='ocrx_word' id='word_1_252' title='bbox 348 4173 439 4220; x_wconf 71' lang='lat' dir='ltr'>tante</span> <span class='ocrx_word' id='word_1_253' title='bbox 470 4175 605 4240; x_wconf 77' lang='lat' dir='ltr'>tamque</span> <span class='ocrx_word' id='word_1_254' title='bbox 630 4159 746 4220; x_wconf 73' lang='lat' dir='ltr'>odiosa</span> <span class='ocrx_word' id='word_1_255' title='bbox 772 4163 868 4236; x_wconf 77' lang='lat' dir='ltr'>copie</span> <span class='ocrx_word' id='word_1_256' title='bbox 885 4175 945 4233; x_wconf 90' lang='lat' dir='ltr'>per</span> <span class='ocrx_word' id='word_1_257' title='bbox 963 4171 1078 4216; x_wconf 84' lang='lat' dir='ltr'>omnes</span> 
     </span>
     <span class='ocr_line' id='line_1_39' title="bbox 119 4225 975 4318; baseline 0 -24"><span class='ocrx_word' id='word_1_258' title='bbox 119 4225 160 4294; x_wconf 73' lang='lat' dir='ltr'>V.</span> <span class='ocrx_word' id='word_1_259' title='bbox 175 4232 214 4294; x_wconf 80' lang='grc' dir='ltr'>Τ.</span> <span class='ocrx_word' id='word_1_260' title='bbox 230 4233 333 4298; x_wconf 80' lang='lat' dir='ltr'>libror</span> <span class='ocrx_word' id='word_1_261' title='bbox 352 4250 398 4296; x_wconf 85' lang='lat' dir='ltr'>tot</span> <span class='ocrx_word' id='word_1_262' title='bbox 415 4240 546 4318; x_wconf 75' lang='lat' dir='ltr'>paginis</span> <span class='ocrx_word' id='word_1_263' title='bbox 563 4235 708 4298; x_wconf 76' lang='lat' dir='ltr'>doceret.</span> <span class='ocrx_word' id='word_1_264' title='bbox 733 4255 766 4316; x_wconf 88' lang='lat' dir='ltr'>p.</span> <span class='ocrx_word' id='word_1_265' title='bbox 787 4231 923 4302; x_wconf 71' lang='lat' dir='ltr'>tto-,256-</span> <span class='ocrx_word' id='word_1_266' title='bbox 969 4257 975 4289; x_wconf 83' lang='lat' dir='ltr'>r</span> 
     </span>
    </p>
   </div>
   <div class='ocr_carea' id='block_1_12' title="bbox 0 0 1317 4996">
    <p class='ocr_par' dir='ltr' id='par_1_13' title="bbox 0 0 1317 4996">
     <span class='ocr_line' id='line_1_40' title="bbox 0 0 1317 4996; baseline 0 0"><span class='ocrx_word' id='word_1_267' title='bbox 0 0 1317 4996; x_wconf 95' lang='lat' dir='ltr'> </span> 
     </span>
    </p>
   </div>
  </div>
 </body>
</html>
