2576 4994
501 305 918 382 *2⁰4*-

189 461 344 554 sufficit',
368 457 414 534 ab
440 457 619 532 adulterio
646 459 878 551 abstinuisse,
921 461 986 536 sed
1015 463 1234 561 perficienda

189 566 304 638 animi
327 563 469 636 castitas
489 561 659 647 radicitus
675 561 933 658 eustingueuda
949 589 1058 662 prava
1084 569 1125 637 in
1153 569 1234 638 alie·

188 691 275 740 nam
299 665 495 740 mulierem
516 657 815 760 concipiscentia,
840 688 912 760 qua
938 667 1003 762 qui
1016 665 1234 756 incenditur,

186 765 305 869 facti,
324 783 369 838 ut
391 786 476 842 cum
501 780 609 861 poeta
635 763 781 861 loquar,
805 766 941 837 crimen
968 767 1087 839 habet.
1114 795 1152 840 v.
1179 791 1233 856 23.

187 909 239 926 -
264 876 313 942 Et
335 892 383 940 ue
409 867 490 964 quis
515 889 664 954 eorum,
706 865 771 960 qui
796 865 978 961 adspirant
1000 871 1045 940 ad
1072 871 1236 942 tbeocra-

176 971 262 1062 xtiae
282 969 484 1042 Messiauae
510 965 805 1040 communionem
830 984 867 1037 et
891 967 1125 1061 beatitatem,
1153 973 1236 1044 libi·

187 1071 314 1144 dinem
337 1093 440 1141 suam
466 1084 612 1140 excuset
631 1091 801 1138 sensuum
817 1067 1008 1160 illecebris,
1030 1073 1170 1166 quibus
1183 1100 1235 1146 re-

187 1173 269 1246 sisti
292 1185 466 1267 nequeat,
488 1169 595 1240 citius
619 1167 847 1262 exstirpanda
878 1188 964 1244 sunt
988 1195 1030 1244 ea
1054 1175 1235 1263 membra,

187 1273 323 1370 quibus
345 1269 578 1367 potissimum
601 1267 807 1344 fomentum
830 1271 947 1343 inesse
963 1273 1110 1346 videtur
1123 1295 1236 1374 atque

186 1375 457 1461 irritamentum
480 1372 527 1444 ad
553 1388 712 1468 peccata,
737 1395 848 1467 quam
874 1375 1033 1470 conponis
1057 1377 1234 1468 universi,

118 1463 122 1476 ⁵
187 1475 342 1548 aeternis
363 1472 551 1570 suppliciis
576 1471 758 1561 tradendi,
781 1472 957 1547 iacturam
979 1473 1120 1555 feceris.
1140 1479 1176 1572 ‘)
1200 1507 1233 1554 v.

189 1599 249 1672 29·
276 1597 336 1662 3⁰·
369 1595 426 1664 ²82
454 1593 488 1661 δ”
516 1600 550 1669 9·

263 1675 498 1750 Matrimonii
513 1675 819 1749 vinculumvetat
842 1701 945 1751 more
959 1680 1154 1772 maiorum,
1181 1684 1233 1756 in·

188 1779 292 1878 genti
316 1777 478 1866 arbitrio,
504 1778 605 1874 turpi
619 1776 793 1852 facilitate
810 1803 875 1874 per
891 1781 1036 1874 repudii
1056 1783 1234 1858 libellum

188 1881 349 1969 dissolvi,
369 1879 668 1977 perniciosaeque
692 1881 899 1975 aequalium
923 1883 1065 1954 levitati
1084 1883 1235 1960 fortiter

188 1982 398 2056 obsistendo
422 1981 568 2054 unicam
592 1981 762 2054 adulterii
795 2003 936 2053 causam
961 1985 1045 2056 satis
1070 1990 1233 2061 validam

186 2085 384 2156 solvendae
410 2105 476 2176 per
500 2097 662 2154 externas
687 2081 863 2154 fonnulas
889 2101 927 2156 et
950 2085 1083 2160 iudicia
1108 2115 1235 2172 neces·

187 2185 357 2272 situdini,
383 2205 475 2280 quae
496 2207 619 2280 reapse
641 2181 769 2256 fuisset
792 2185 919 2273 soluta
943 2185 1091 2262 iudicet.
1120 2217 1156 2263 v.
1177 2215 1232 2279 32.

186 2291 280 2360 Luc,
307 2291 363 2372 16,
385 2303 448 2380 ιιθ.
472 2287 585 2356 Mtth.
612 2293 669 2377 19,
692 2307 781 2375 7-
797 2309 832 2386 9τ
855 2322 907 2342 -·-
944 2289 1001 2358 Ad
1024 2290 1233 2386 perfectum

186 2409 335 2458 morum
361 2387 565 2481 exemplar,
591 2385 765 2458 membris
787 2388 1002 2466 theocratiae
1027 2396 1233 2468 Messianae

185 2487 485 2586 proponendum,
498 2485 607 2558 ⁴belle
630 2487 772 2575 valent,
796 2512 894 2584 quae·
909 2515 943 2561 v.
965 2513 1011 2578 53
1028 2529 1079 2547 --
1096 2515 1161 2582 53.
1189 2501 1231 2568 de

99 2637 100 2640 =
185 2587 408 2665 restituenda
430 2587 641 2686 purissimae
665 2587 826 2660 veritatis
850 2591 1114 2688 simplicissima
1148 2623 1230 2670 con·

186 2689 346 2766 sessione
390 2690 652 2786 sapientissime
686 2690 885 2762 admonuit.
948 2699 1231 2792 Legumlatiune

185 2793 367 2868 maiorum
392 2791 438 2864 de
462 2793 622 2888 periurio
645 2789 812 2880 vitando,
845 2791 907 2864 sed
930 2794 1140 2884 iuramento
1168 2829 1232 2898 per

186 2895 298 2968 deum
320 2894 522 2979 tolerando,
544 2894 622 2965 imo
651 2889 865 2982 adiuvando,
891 2919 1001 2992 quam
1026 2903 1122 2972 male
1145 2929 1231 2977 con.

184 2998 326 3068 stultum
350 2992 463 3066 fuerit
486 2993 574 3097 fidei
609 2991 742 3083 bonae,
780 2995 902 3088 primo
935 3015 973 3068 et
1004 3019 1230 3078 sacrosancto

184 3097 365 3171 hnmanae
387 3094 566 3165 societatis
589 3094 746 3184 vinculo,
769 3114 872 3167 acute
894 3101 1122 3196 perspiciens,
1149 3105 1230 3178 fon·

181 3195 262 3270 'tem
285 3199 469 3270 malorum
493 3195 716 3293 restinguere
747 3197 880 3270 maluit
898 3201 1074 3296 penitus,
1117 3232 1228 3302 quam

181 3297 231 3384 ad
255 3294 403 3392 tempus
427 3293 615 3385 obturare,
649 3295 695 3370 ub
728 3299 884 3372 bumana
912 3302 1088 3400 dignitate
1110 3309 1228 3401 plane

185 3399 303 3472 aliena
329 3397 541 3490 arbitratus,
566 3421 659 3499 quae
682 3395 925 3476 diffidentiam
945 3405 1128 3480 dictorum
1147 3436 1228 3508 pro

204 3661 237 3744 1)
256 3661 395 3740 Proprie
415 3660 495 3724 baec
512 3661 650 3746 intelligi
669 3685 778 3745 posse,
803 3683 847 3726 ne
864 3683 926 3726 nus
945 3667 1079 3748 quidem
1100 3671 1226 3736 dubita·

260 3757 343 3810 mua,
362 3757 516 3798 summam
535 3747 736 3801 severitatem
756 3739 883 3816 Christi,
901 3746 1053 3804 virtutum
1072 3755 1224 3832 magistri,

264 3813 490 3884 dictorumque
510 3817 715 3876 orientalium
736 3821 956 3890 acrimoniam,
995 3821 1028 3878 el
1047 3840 1133 3900 qnae
1152 3825 1225 3884 sub-

261 3894 301 3948 sit
317 3891 484 3947 veritatem
498 3891 662 3968 perpensi,
677 3891 821 3974 indeque
837 3897 1223 3973 assentimurFurrzscunu,

247 3968 396 4046 'vestigia
417 3964 543 4024 Parcarr
562 3981 700 4045 sequuto
711 4008 723 4040 ,
744 3973 800 4046 qui
819 3981 929 4028 tamen
948 3967 1028 4029 haec
1045 3977 1223 4036 secundum

259 4037 385 4100 literam
408 4043 509 4115 accipi
527 4059 597 4100 nort
624 4047 693 4102 sine
713 4057 969 4122 temperamento
989 4045 1093 4122 iubet,
1110 4071 1223 4126 „nem-

259 4134 305 4194 pe
323 4118 437 4175 civitio
459 4119 530 4194 quis
550 4115 625 4178 alias
645 4118 817 4180 incurabili
834 4117 999 4182 laboret.“
