2608 4996
490 337 639 360 ·-·-··
692 319 766 394 184
816 340 930 370 σπι-ι

169 481 174 494 “
210 495 387 570 perquam
404 472 581 547 mediocri
595 487 701 544 utens
716 492 774 556 ra,
797 469 923 543 animo
939 467 1067 544 divino
1080 486 1119 545 et
1129 469 1171 546 ad
1183 469 1224 544 di·

210 573 296 646 vina
314 593 451 663 erecto,
473 575 630 669 suscepit
643 570 802 647 doctoris
817 595 968 659 munus,
988 570 1082 645 vidit
1096 575 1226 666 perhor-

210 675 357 770 roitque
381 677 651 750 Pharisaeorum
673 697 936 768 procerumque
960 697 1122 768 perversa
1135 671 1225 758 artifi·

212 777 285 864 cia,
305 775 431 848 fucum
448 795 485 850 et
502 776 558 850 sui
572 774 963 870 amorem'iogeotem,
986 775 1150 846 insanum
1167 777 1227 845 lau·

212 875 268 947 dis
280 901 352 948 non
365 879 479 973 magis
495 903 604 974 quam
621 877 831 950 divitiarum
844 876 1046 972 appetitum
1057 875 1228 980 (Oulip-

212 1001 355 1083 γυροι
382 976 628 1082 ὑπάρχοντες
653 983 741 1050 Luc.
773 982 836 1064 ιθ,
864 982 947 1071 ι4.)
972 994 1009 1048 et
1031 975 1229 1074 pestiferum

210 1101 330 1151 usum.
381 1085 481 1154 Haec
496 1097 619 1152 contra
635 1095 797 1152 monstra
821 1097 901 1162 tum
919 1080 1021 1150 omni
1035 1079 1128 1166 vita,
1154 1103 1230 1174 quae

211 1177 251 1250 io
268 1182 433 1252 tenuiore
450 1206 572 1252 rerum
582 1180 789 1253 conditione
802 1197 878 1252 tota
888 1197 1136 1252 versareturet
1150 1204 1230 1249 amo

211 1303 250 1352 re
267 1309 341 1353 non
361 1283 428 1370 sui,
455 1285 517 1354 sed
532 1283 688 1354 aliorum
705 1299 797 1354 esset
817 1282 1034 1377 plenissima,
1060 1300 1141 1352 tum
1156 1285 1231 1352 auti·

213 1384 344 1454 thetica
361 1401 468 1480 atque
484 1387 658 1476 polemico
678 1383 841 1454 oratione
863 1402 1006 1454 strenue
1031 1385 1233 1455 contendere

212 1485 455 1581 omnibusque
467 1485 602 1560 viribus
625 1485 793 1559 decrevit.
843 1490 1025 1556 Praeterea
1050 1509 1124 1554 non
1144 1485 1233 1554 unius

213 1587 383 1680 exemplo
398 1587 644 1676 intellexerat,
671 1587 793 1658 obesse
810 1587 953 1658 divitias
967 1588 1234 1680 divitiarumque

214 1711 376 1758 amorem
399 1713 520 1758 renim
540 1689 752 1760 coelestium
770 1691 1068 1784 contemplationi
1087 1707 1124 1758 et
1140 1689 1234 1758 houe-

214 1790 314 1860 statis
330 1790 468 1875 studio,
498 1794 650 1862 nirnium
667 1815 826 1861 amorem
846 1815 969 1860 rerum
985 1792 1234 1860 mundanarum

215 1895 328 1962 nivaria
345 1890 398 1960 rei
414 1891 515 1986 copia
541 1891 715 1963 facillime
730 1892 875 1962 accendi
900 1910 936 1963 et
952 1892 1101 1978 nuttriri,
1128 1915 1236 1960 rerum

213 1993 453 2063 humanarum
471 1993 755 2065 contemtionem
779 2019 862 2063 cum
888 1993 1061 2088 dignitate
1080 1993 1237 2076 humana,

216 2095 319 2165 omni
335 2111 372 2164 et
388 2093 611 2190 possessione
635 2112 672 2166 et
692 2121 759 2165 usn
781 2095 902 2166 fructu
921 2097 1074 2182 maiore,
1100 2095 1237 2166 arctissi-

214 2220 276 2266 me
306 2219 505 2266 connexam
530 2221 622 2278 esse3
658 2193 933 2291 perdifficilem,
965 2220 1085 2266 rarum
1109 2221 1183 2266 esse
1208 2217 1238 2264 ac

213 2321 327 2392 paene
348 2297 553 2368 inauditum
574 2298 784 2370 divitiarum
807 2299 989 2384 nobilem,
1021 2298 1239 2368 moderatum

214 2421 258 2469 ac
275 2397 475 2467 beneficum
492 2422 599 2469 usum
612 2399 689 2469 sine
704 2400 757 2470 rei
769 2399 933 2471 coelestis
950 2416 1012 2467 aut
1026 2402 1240 2491 neglectiore

216 2515 279 2569 aut
306 2500 564 2569 contemtione.
622 2501 843 2572 Edivitibus
874 2502 1043 2596 perpauci
1059 2501 1092 2602 *)
1126 2523 1240 2571 causae

215 2623 300 2670 suae
328 2601 508 2672 adiutores
544 2598 776 2698 fautoresque
816 2619 1047 2687 accesserant,
1089 2603 1186 2672 unde
1210 2602 1240 2670 in

216 2699 381 2774 confiniis
404 2702 622 2774 Palaestinae
658 2722 741 2799 post
765 2703 905 2776 abitum
927 2703 1120 2775 'conditoris
1145 2704 1241 2774 latius

216 2821 432 2899 propagatos
450 2803 739 2877 Christianismus
761 2831 896 2877 nomen
914 2807 1095 2906 religionis
1115 2829 1242 2898 paupe·
1286 2845 1287 2870 r

217 2931 299 2977 rura
321 2905 463 2977 invenit
470 2932 482 2990 3
508 2925 697 2978 sectatores
714 2907 759 2978 de
781 2907 998 2979 Iudaeorum
1022 2930 1130 3004 grege
1151 2907 1241 2978 libio·

217 3009 315 3079 aicae
343 3024 380 3077 et
404 3011 588 3079 Nazaraei
610 3009 748 3097 vocati,
784 3009 916 3104 quibus
947 3009 1063 3078 titulis
1094 3031 1242 3104 egenum

218 3125 255 3177 et
277 3107 456 3178 deiectum
489 3108 683 3180 hominum
717 3131 830 3206 genus
869 3127 1035 3181 notatum
1066 3107 1243 3180 volebant.

217 3210 388 3304 Denique
405 3224 442 3279 et
462 3209 532 3279 hoc
551 3209 589 3280 in
614 3234 760 3281 censum
778 3212 896 3300 venit,
922 3211 1117 3282 secundum
1134 3215 1244 3312 Syno-

219 3313 334 3403 pticos
360 3328 455 3380 certe
469 3313 673 3384 Dominum
694 3314 897 3408 proximant
921 3313 1178 3410 exspectavisse
1200 3335 1244 3380 re·

218 3435 302 3482 rum
318 3412 483 3484 omnium
502 3413 760 3502 mutationem,
786 3439 869 3484 oum
887 3413 1004 3486 reditu
1020 3437 1086 3483 suo
1103 3414 1245 3484 coniun-

218 3529 334 3593 ctam}
359 3513 515 3611 indeque
533 3515 710 3610 explices,
727 3517 823 3613 quod
843 3533 967 3588 auctor
982 3537 1178 3611 suasorque
1193 3538 1245 3585 ex·

237 3693 421 3774 macerer
452 3691 621 3774 losephom
646 3694 942 3791 Arimathaeensem
978 3709 1011 3790 et
1037 3693 1245 3788 Nicodemum

296 3771 956 3908 {ttttt'tt‘t‘tt‘c‘t‘tttttstt:
975 3785 1245 3908 :tttttt'ttt

294 3937 365 3979 rom
394 3919 548 3995 indicium
574 3925 659 3982 iuett
680 3929 715 3984 in
745 3921 793 3987 lo.
816 3942 866 3993 ra,
885 3931 934 4000 42.
954 3953 991 3968 -
1021 3922 1146 3982 Temen
1166 3935 1198 3980 et
1215 3923 1245 3976 in

293 3993 484 4072 apostolicis
514 3996 656 4058 coetibus
682 4001 813 4079 exiguus
847 4013 915 4058 erat
947 4017 1098 4060 numeros
1126 4014 1243 4064 eorum,

295 4067 872 4222 diiiiffiiiiffi.‘'liil‘i'l
887 4073 1093 4222 illidii?
1103 4083 1245 4220 3⁰3⁸*
