2654 4988
292 367 827 484 'matr-

100 567 177 661 ob,
204 564 351 688 rdrtp,
371 551 409 642 tv
432 553 539 656 iuni,
564 553 681 661 κᾴγὼ
708 545 746 632 ἓν
773 545 865 644 roi,
897 546 962 632 tra
984 551 1151 674 ’‘alfal-

99 667 166 748 τοὶ
194 651 342 764 ἔν’ἡμιν
368 657 404 741 ἕν
431 659 548 739 nicta·
574 652 638 737 ἵνα
666 657 692 735 d
724 657 913 758 κόσμος
943 677 1148 754 rtortoon,

100 773 161 850 ὅτι
185 768 237 848 σύ
267 773 315 867 με
340 765 579 854 ἀπέστειλας.

173 881 227 948 Ee
250 873 381 944 altiore
406 869 577 968 indagine
601 863 822 940 condnnnts

174 977 338 1049 Christus
373 997 451 1043 non
491 988 659 1066 precatur
694 993 761 1064 pro
794 965 935 1068 mundo
968 993 989 1042 a
1018 997 1059 1046 re
1084 979 1149 1050 sua

100 1077 239 1167 alieno,
271 1076 337 1173 qui
362 1075 435 1146 Dei
457 1074 622 1170 legatum
648 1095 722 1142 non
749 1088 942 1164 receperat.
994 1077 1149 1156 Interce-

100 1181 155 1254 dit
180 1203 249 1277 pro
275 1174 534 1263 familiaribus,
560 1173 694 1270 quibus
719 1190 805 1270 post
820 1174 1021 1246 discessum
1038 1203 1150 1258 suum

100 1282 293 1355 commissa
318 1296 396 1350 erat
421 1276 678 1350 mundi-salus.
728 1275 801 1361 Hi,
834 1277 1023 1371 peculium
1049 1281 1151 1356 Chri.

98 1383 165 1474 sti,
192 1383 243 1457 ob
268 1381 438 1454 intimam
464 1377 576 1476 patris
609 1401 696 1450 cum
727 1374 808 1448 filio
842 1378 1148 1459 necessitudinem

98 1491 180 1562 Deo
197 1485 281 1558 cari.
332 1487 401 1554 Per
422 1504 484 1554 eos
502 1503 640 1578 perque
664 1479 782 1574 operis
800 1499 1033 1576 progressum
1049 1486 1150 1558 Chri.

100 1606 175 1662 stus
199 1589 416 1659 illustratur.
473 1581 610 1656 Animo
635 1581 689 1654 ad
707 1587 856 1652 Numan
882 1599 1022 1670 erecto,
1064 1612 1150 1682 pro·
1252 1668 1255 1675 Ι

98 1693 230 1786 phetae
256 1711 403 1761 sumens
430 1684 597 1781 spiritus,
620 1683 792 1756 meminit
814 1707 960 1782 eorum,
987 1686 1053 1780 qu'i
1078 1691 1150 1763 dis·
1188 1747 1194 1756 .

2 1873 3 1882 .
98 1794 308 1888 cipulorum
333 1787 504 1886 discipuli
538 1787 765 1858 adducentur
793 1785 840 1858 ad
866 1784 977 1856 fidem
1011 1789 1051 1859 in
1077 1791 1149 1872 Dei

92 1893 221 1966 *lilium
247 1893 457 1988 repositam.
508 1891 634 1985 Optat,
655 1905 791 1984 sperat,
816 1904 940 1986 rogat,
974 1905 1018 1960 ut
1040 1918 1149 1966 mun·
1236 1901 1239 1916 ’

98 1995 184 2083 dns,
211 1994 284 2066 fida
301 1993 441 2087 orbus,
469 1991 603 2063 Christi
623 1989 697 2064 fiat.
1091 2053 1096 2063 ,

171 2098 317 2168 Eodem
345 2095 461 2166 tendit
480 2117 566 2166 usus
591 2116 626 2164 v.
653 2093 829 2184 κόσμου,
853 2091 893 2164 in
915 2093 952 2166 h.
974 2096 1151 2192 scriptore

98 2197 283 2295 frequens.
359 2195 468 2270 Orbis
499 2213 555 2267 est
587 2219 662 2266 non
697 2193 938 2284 Christianus,
984 2197 1149 2274 infensus

100 2301 245 2372 Christo
270 2315 308 2370 et
333 2299 436 2394 operi
465 2297 596 2368 Christi
603 2321 615 2380 ς
647 2298 850 2394 humanum
877 2322 991 2394 genus
1016 2325 1035 2372 a
1065 2307 1148 2374 Deo

97 2402 283 2498 rebusque
324 2401 455 2472 divinis
488 2400 697 2470 alienatum.
762 2403 954 2494 Nusquam
996 2404 1150 2498 vestigia

97 2521 207 2594 sunt,
229 2503 460 2574 intellectum
488 2526 564 2572 esse
590 2501 714 2574 orbem
739 2502 935 2575 iudaicam.
995 2502 1151 2577 Refelli·

24 2611 28 2621 ’
97 2622 159 2684 tur
184 2605 367 2676 formulas
393 2603 416 2676 d
444 2599 588 2707 ἅρχων
616 2599 690 2676 τοῦ
715 2601 872 2694 κόσμου
897 2599 1059 2679 τούτου.
1088 2633 1147 2695 rs,

99 2727 158 2794 31.
187 2711 247 2793 ιδ,
277 2731 355 2796 sn,
390 2731 501 2802 quam
528 2728 638 2776 nemo
664 2729 758 2774 unus
783 2707 829 2776 ad
852 2707 1004 2778 Iudaeos
1027 2707 1151 2781 subdi·

96 2825 153 2881 tos
186 2808 393 2904 restringet.
458 2813 554 2878 Nam
591 2805 762 2902 principis
801 2805 948 2902 imperii
979 2811 1148 2900 Satanici,

95 2910 236 2982 aeterni
261 2927 298 2980 et
325 2908 487 3010 capitalis
511 2909 624 2980 hostis
651 2907 806 2980 Messias
840 2909 967 3004 reique
998 2915 1149 2984 Messin-

95 3035 182 3102 nae,
211 3011 305 3088 ditio
326 3013 401 3082 lat'e
425 3027 565 3104 putate
591 3008 768 3082 sententia
802 3009 947 3099 aetatis,
988 3015 1149 3110 comple·

96 3131 196 3186 ctens
223 3129 368 3184 exteros
395 3131 678 3208 exterorumque
702 3112 960 3185 idololatriam.
1012 3116 1149 3190 Firmat
1189 3115 1193 3124 ’

94 3216 131 3287 h.
168 3216 499 3292 Universolismum
535 3231 653 3286 cetera
692 3213 782 3284 libri
821 3213 981 3302 indoles,
1024 3217 1150 3291 firmat

95 3339 191 3414 opus
226 3316 373 3389 Christi.
439 3313 554 3388 Venit
588 3315 628 3388 in
665 3316 861 3402 mundum,
903 3316 979 3388 vita
1012 3335 1050 3389 et
1080 3320 1149 3399 lux

2 3441 3 3446 ’
94 3417 247 3506 mundi,
274 3443 383 3512 quarn
410 3417 515 3490 cessit
536 3441 639 3488 amor
656 3418 771 3488 Patris
793 3417 1011 3490 mortalibus
1034 3419 1072 3492 in
1088 3443 1149 3516 ge·

93 3523 249 3592 aruinam
276 3517 502 3592 felicitatem.
566 3520 641 3612 Init
665 3536 849 3590 certamen
872 3543 959 3590 cum
984 3522 1149 3619 principe

93 3621 247 3710 mundi,
273 3622 364 3692 vicit
388 3621 581 3692 mundum.
635 3645 667 3709 r,
694 3643 730 3712 9.
753 3641 786 3708 3,
816 3625 872 3694 16.
907 3645 963 3710 ru,
997 3643 1054 3708 5¹·
1090 3631 1147 3714 16,

97 3747 155 3796 rr.
183 3743 243 3814 33.
270 3723 317 3795 al.
369 3721 525 3810 Ovibus,
566 3721 721 3796 ex'alio
751 3721 895 3796 stabulo
925 3741 1151 3824 congregari·

94 3825 172 3914 dis,
217 3842 260 3896 ut
284 3824 332 3896 sit
355 3851 450 3898 unus
483 3841 623 3919 pastor,
662 3849 750 3922 grex
776 3848 889 3916 unus,
931 3829 1082 3906 Iudaeos
1109 3820 1146 3903 is

93 3923 145 4020 τῆ
176 3923 380 4029 διασπορᾷ
405 3929 471 4023 qui
495 3929 621 4000 medas,
638 3926 826 4014 indicatos,
853 3929 897 3998 ad
914 3955 1031 4002 unum
1047 3937 1150 4006 Mes·

94 4028 189 4100 siam
220 4031 437 4123 cultumque
466 4027 648 4100 ediscitis
685 4026 784 4100 orbis
818 4029 983 4125 partibus
1015 4055 1148 4106 vocan-

94 4124 194 4201 dosl
244 4135 296 4203 Ea
329 4129 476 4208 disiecta
491 4129 494 4138 ’
508 4128 672 4202 membra
706 4145 831 4212 coetus
867 4134 1055 4206 Israelitici
1080 4160 1170 4231 per,

89 4250 196 4304 ‘sacra
218 4231 429 4308 communia
454 4247 492 4304 et
514 4232 646 4308 itinera
668 4230 710 4304 in
734 4251 894 4308 sanctam
907 4233 1040 4311 urbem
1063 4237 1146 4312 iun·
