2654 4988
521 375 642 428 .·-··-·-
694 349 769 428 νο
822 375 953 409 ÷·-·

214 504 283 583 τόν
312 500 528 606 πέμψαντά
554 500 617 598 ue!
669 501 771 604 Ἐγὼ
801 501 891 602 φιός
927 503 976 596 εἰς
1009 505 1078 582 τὸν
1111 507 1250 606 κόσμον

216 602 408 698 ἐλήλυθα,
436 597 500 684 ἐνα
528 604 602 696 τᾶς
634 601 657 682 ό
686 603 933 682 πιστεύων
961 605 1011 696 εἰς
1033 601 1120 702 ἐμὲ,
1148 607 1182 690 ἐν
1209 610 1251 707 τῇ

205 709 362 810 σκοτίᾳ
375 705 425 804 μὴ
439 707 553 804 μείνῃ.
578 708 678 794 (Vita
688 707 793 780 beata
803 707 848 778 ab
856 710 970 780 animi
985 711 1254 808 lucapendens.)

216 807 294 888 Καὶ
314 800 379 884 ἐάν
401 810 458 899 τίς
481 805 738 903 novennem
768 807 848 882 tuit
875 807 1084 911 ῥημάτων,
1122 810 1187 886 καὶ
1213 811 1254 902 μή

217 910 429 1008 πιστεύσῃ,
457 907 535 1012 ἐγὼ
562 909 613 984 od
636 912 784 1014 κρίνω
811 909 954 985 αὐτόν·
981 909 1160 1014 οόιγὰρ
1190 909 1258 1006 λλ·

218 1013 327 1104 θον,
369 1004 448 1088 ἵνα
479 1012 633 1116 κρίνω
668 1010 754 1088 τὸν
796 1015 1010 1106 κόσμον,
1051 1009 1152 1090 ἀλλ’
1188 1007 1260 1090 ἵνα

219 1115 372 1190 σώσω
398 1115 483 1190 τὸν
508 1117 708 1208 κόσμον.
758 1109 802 1186 Ὀ
829 1107 985 1189 diendo
1011 1109 1094 1206 ἐμὲ,
1121 1113 1186 1190 καὶ
1216 1116 1259 1210 μὴ

218 1215 434 1308 λαμβάνων
457 1213 511 1290 τὰ
543 1211 700 1320 ῥήματά
727 1239 826 1310 μου,
866 1213 950 1314 ἔχει
983 1217 1052 1290 τὸν
1085 1218 1262 1323 κρίνοντα

220 1317 360 1394 αὐτὸν·
387 1313 412 1392 ό
437 1315 586 1418 λόγος
615 1315 668 1390 όν
695 1311 930 1410 ἐλάλησα,
958 1313 1140 1406 ἐκεῖνος
1173 1344 1264 1424 upt-

220 1417 290 1498 νεῖ
312 1417 463 1496 αότὸν
488 1412 532 1494 ἐν
563 1419 624 1510 τό
646 1413 840 1514 ἐσχάτη
867 1415 1032 1524 ἡμέρᾳ.
1079 1420 1167 1495 Ὅτι
1192 1417 1262 1519 ἐγὼ

221 1513 264 1603 ἐξ
288 1512 462 1616 ἐμαυτοῦ
487 1517 563 1596 σόν
584 1514 777 1612 ἐλάλησα·
804 1516 890 1593 ἀλλ’
910 1520 934 1596 ό
951 1519 1112 1619 πέμψας
1134 1546 1183 1617 με
1201 1547 1265 1596 πα·

220 1617 314 1725 cip,
342 1621 463 1710 αότός
487 1645 553 1714 μον
583 1616 737 1710 ἐντολὴν
769 1618 911 1711 ἔδωκε,
940 1625 979 1697 τί
1009 1623 1103 1696 εἴσω
1136 1618 1207 1700 καὶ
1235 1621 1268 1696 τί

221 1721 400 1813 λαλήσω.
449 1721 527 1797 Καὶ
553 1715 666 1812 οἶδα,
709 1719 770 1798 ότι
807 1717 990 1815 ἡέντόλὴ
1019 1725 1150 1799 αὐτοῦ
1191 1721 1267 1814 ζωὴ

223 1823 376 1914 αἰώνιός
407 1819 521 1903 ἐστιν.
582 1824 801 1917 (Praedicari
823 1829 908 1900 vult
932 1827 1049 1899 vitam
1075 1851 1268 1923 perennem
1307 1871 1308 1890 τ

222 1953 289 2024 per
308 1927 421 1998 fidem
449 1928 488 1997 in
504 1929 671 2024 legatum
695 1931 829 2020 tuum.)
874 1926 921 2000 'A
946 1921 1014 2002 οόν
1039 1926 1158 2002 λαλῶ
1185 1923 1269 2030 ἐγὼ,
1304 1913 1308 1936 “

222 2028 360 2117 καθὼς
385 2023 509 2132 εἴρηκέ
531 2052 598 2125 μον
625 2025 649 2102 ό
671 2027 812 2136 πατὴρ,
835 2027 948 2104 οότω
970 2027 1100 2108 λαλῶ.

302 2137 346 2202 In
369 2149 468 2203 tanta
495 2148 535 2202 et
556 2132 804 2226 simplicitate
817 2149 855 2204 et
879 2132 1106 2226 sublimitate
1122 2132 1269 2205 Ioannei

223 2234 307 2330 typi
333 2234 378 2305 de
401 2233 475 2305 fide
500 2234 540 2304 in
564 2233 637 2304 Dei
662 2233 845 2328 legatum,
878 2234 1005 2306 beatae
1031 2234 1130 2307 vitae
1161 2235 1270 2321 fonte,
1307 2255 1308 2330 ζ

225 2338 286 2416 cui
309 2334 547 2430 perficiendae
583 2334 625 2406 in
653 2323 870 2408 mortalium
895 2336 1026 2408 animis
1050 2361 1154 2410 mors
1183 2337 1272 2426 Chri·

226 2438 274 2512 ati
299 2438 462 2510 salutaris
487 2436 619 2525 servit,
655 2437 750 2508 nihil
777 2437 1036 2512 desiderabunt
1060 2440 1210 2510 cordati
1230 2441 1271 2510 ie·

154 2567 161 2574 ·
226 2556 344 2613 ctores
368 2543 600 2642 singularum
624 2541 804 2612 virtutum
824 2565 1015 2613 recensum
1031 2557 1070 2611 et
1090 2565 1274 2613 commen·

227 2643 424 2714 dationem.
455 2681 507 2700 -·
537 2639 711 2714 Intimam
738 2639 838 2714 enim
864 2667 951 2715 cum
975 2646 1058 2714 Deo
1082 2668 1153 2738 per
1170 2642 1274 2743 ‘Chri-

227 2761 328 2816 stum
342 2745 522 2816 unitatem
540 2760 579 2814 et
601 2745 901 2820 communionem
927 2743 1050 2816 animo
1070 2745 1273 2830 sentientes,

158 2919 164 2926 ,
228 2847 346 2920 vitam
369 2847 497 2918 colunt
520 2869 666 2928 novam,
690 2846 824 2941 spiritu
846 2863 983 2918 rectam
998 2845 1138 2918 divino.
1176 2847 1277 2920 Radi-

190 2965 207 3023 .'
230 2971 312 3020 cem
342 2947 488 3020 virtutis
510 2949 551 3020 in
576 2971 615 3018 se
637 2946 812 3038 ferentes,
838 2947 1058 3020 foecundam
1083 2947 1275 3036 fructibus,

231 3053 299 3146 qui
317 3067 449 3147 egeant
463 3049 789 3148 praeceptionibus,
801 3050 1106 3144 ¹imbecillitatem
1120 3051 1278 3122 iuvanti-

230 3149 304 3224 bus
315 3168 353 3222 et
368 3155 596 3251 singulorum
611 3157 796 3226 actionum
813 3178 959 3225 cursum
974 3147 1277 3224 moderantibus?
1306 3175 1307 3264 ν

307 3252 406 3346 Huic
425 3255 539 3350 iunge
571 3253 693 3347 legem
719 3247 867 3350 ἀγάπης
891 3253 1050 3350 regiam,
1090 3251 1278 3326 familiari·

232 3353 301 3428 bus
324 3372 363 3427 et
379 3354 423 3426 ‘re
448 3373 486 3426 et
505 3351 627 3430 verbis
649 3351 876 3449 patefactam.
927 3360 1084 3426 Mutuae
1115 3357 1224 3428 enim
1245 3353 1278 3426 si·

231 3478 348 3560 gnum
365 3447 582 3530 caritatis'et
606 3456 703 3527 vitae
727 3455 767 3527 in
790 3457 949 3528 aliorum
974 3457 1186 3531 ministerio
1205 3483 1280 3530 con·

232 3576 375 3631 sumtae
399 3558 613 3650 symbolum
642 3556 731 3630 fecit
762 3559 899 3653 pedum
931 3559 1113 3632 lotionem
1137 3577 1278 3656 aposto·

233 3661 373 3748 lorum,
412 3661 452 3732 in
481 3679 644 3734 extrema
677 3683 789 3733 coena
822 3662 1050 3734 institutam..
1082 3683 1139 3751 13,
1184 3689 1203 3735 1
1238 3686 1278 3755 sq.

235 3768 337 3859 Quae
360 3761 564 3848 admonitio
589 3787 656 3857 per
679 3789 757 3836 rem
777 3783 924 3864 gestam
951 3788 1084 3836 coenae
1110 3789 1238 3836 sacrae
1252 3777 1279 3832 et

221 3864 281 3942 ,ad
304 3881 515 3958 temporum
534 3864 681 3960 locique
705 3865 865 3940 rationes
889 3883 928 3938 et
948 3866 996 3939 ad
1008 3864 1278 3964 significationis

235 3989 417 4038 summam
442 3963 598 4038 finitima
622 3982 686 4037 est.
1305 4049 1306 4064 χ

232 4077 237 4088 “
311 4065 547 4171 Praecipitis
572 4067 674 4139 idem
697 4067 881 4143 discedens
904 4095 927 4144 a
948 4073 1021 4147 suis
1040 4075 1151 4162 Iesus,
1181 4087 1231 4144 ut
1251 4089 1279 4141 se

238 4169 395 4242 invicem
423 4185 547 4240 ament
570 4169 721 4265 genuini
745 4165 938 4248 sectatores
963 4175 1090 4248 eadem
1114 4173 1280 4246 tenerita·
1305 4259 1306 4287 ἢ
