2576 4994
331 379 739 452 -οοᾱ--ι

36 535 151 610 derent
165 533 378 632 levitatiqne
401 549 440 608 et
462 531 722 611 inconstantiae
745 529 910 606 fomente
929 547 1061 608 cuent.
1151 525 1153 530 ’

35 638 292 712 Pharisaeorum
316 638 465 710 invente
486 636 533 708 de
556 634 818 732 distinguendis
838 635 1062 708 iuramento·

33 765 105 812 rum
129 737 337 836 generibus,
357 738 477 834 deque
498 734 669 810 formulis
685 735 881 834 perexigua
902 735 977 808 fide
999 735 1061 808 ad·

33 839 145 914 libitis
168 840 288 914 inania
317 839 407 936 inde
428 836 621 928 iudicarit,
665 839 767 935 quod
798 837 856 908 hit
887 859 1066 933 magnam

33 966 107 1014 cum
129 966 169 1014 re
192 957 313 1017 ssncu
326 938 623 1014 necessitudinem
645 938 866 1012 intercedere
889 937 1060 1028 ostendit,

33 1059 69 1112 ut
90 1067 170 1117 orm
192 1067 260 1137 per
282 1041 439 1130 coelum,
456 1065 522 1138 per
536 1057 681 1130 terram,
695 1065 761 1136 per
775 1038 1061 1132 Hierosolymas,

33 1168 90 1236 per
111 1160 220 1240 ceput
242 1160 350 1216 tuum
375 1142 480 1230 iures,
502 1159 661 1214 sancum
681 1142 742 1213 dei
763 1141 900 1230 aedem,
925 1139 1062 1212 scabel-

33 1245 101 1316 lum
124 1246 261 1342 pedum
287 1245 375 1334 eius,
400 1243 531 1316 urbem
555 1241 680 1340 magni
702 1242 799 1340 regis
822 1241 1061 1334 (theocratici)

33 1343 163 1434 mnas,
190 1345 348 1442 denique
373 1367 516 1418 memor
533 1369 609 1418 esse
631 1343 772 1430 debeas,
785 1367 848 1432 -ne
867 1342 1062 1416 minimam

33 1445 167 1540 quidem
190 1447 306 1544 partis
327 1446 453 1542 cepitis
469 1445 526 1518 tui
548 1445 791 1518 mutationem
814 1442 885 1516 tibi
906 1467 981 1518 ease
1005 1467 1062 1516 re·

31 1547 152 1620 lictant.
200 1545 369 1644 Simplici
391 1548 491 1620 enim
513 1545 758 1628 affirmatione
778 1547 842 1619 rel
865 1546 1063 1644 negatione

33 1648 87 1742 qui
109 1665 299 1722 contentus
313 1673 389 1724 esse
409 1665 579 1744 nequeat,
599 1647 754 1744 prodere
776 1647 975 1720 animumn
998 1671 1062 1720 na·

33 1765 120 1824 turee
142 1751 347 1843 sistemate
372 1767 411 1824 et
435 1750 668 1847 simplicitate
699 1748 924 1822 aberrantem
951 1765 990 1820 et
1013 1747 1079 1822 ad'

33 1851 129 1924 maias
152 1869 247 1926 artes
271 1875 505 1949 propensum.
572 1850 699 1924 latius
728 1849 958 1946 persequitur
988 1851 1060 1922 hoc

32 1971 274 2048 argumentum
297 1954 412 2028 Mtth.
435 1973 493 2042 23,
522 1955 567 2024 ao
582 1992 634 2010 -
650 1977 707 2026 sn.
731 1991 783 2010 -
805 1950 959 2048 Indigna
982 1967 1060 2024 eret

32 2053 86 2122 vel
105 2055 209 2127 huius
236 2055 362 2128 aetatis
386 2056 490 2126 cultu
515 2056 578 2126 lex
604 2053 651 2126 de
674 2044 823 2126 talione.
892 2052 955 2124 Illi
978 2053 1062 2149 qui-

33 2151 105 2224 dem
119 2154 277 2228 Christus
300 2157 490 2252 anteponit
513 2179 695 2228 summam
711 2152 934 2252 patientiam,
960 2155 1059 2226 varia

31 2278 86 2348 per
99 2259 263 2352 exempla
289 2257 392 2354 quasi
415 2255 532 2328 oculis
546 2255 782 2354 propositam.
832 2257 962 2328 Ta'lem
983 2254 1058 2326 ani-

33 2355 78 2424 mi
99 2357 420 2431 conformationem
445 2357 527 2455 quis
554 2381 630 2430 non
656 2355 846 2454 insigniter
874 2379 1060 2428 commen·

32 2455 170 2533 dandam
193 2459 456 2533 endetimcverit
477 2458 516 2530 in
537 2476 649 2556 gente
664 2459 845 2534 vindictae
870 2457 1059 2554 cupidissi-

31 2580 97 2646 ma,
116 2577 157 2632 ut
177 2562 432 2657 mitigarentur
455 2585 598 2634 summa
622 2560 863 2658 proponendo
884 2583 1005 2634 mores
1021 2575 1060 2632 et

29 2679 49 2826 q
68 2661 283 2734 continentie
307 2659 510 2734 effectuum
522 2663 701 2760 paulatim
723 2663 994 2737 traducerentur
1009 2659 1057 2734 ad

52 2779 226 2836 critatem.

93 2865 158 2938 His
178 2863 391 2960 adiungitur
414 2862 523 2937 enixa
543 2863 799 2964 benignitatis,
831 2862 1056 2953 clementiae,

29 2957 248 3040 humanitatis
262 2964 541 3052 commendatio.
574 2967 729 3057 „Dando
746 2962 982 3062 cedendoque
1002 2960 1058 3037 vi·

30 3078 97 3136 ctor
119 3067 268 3142 abibia.“
294 3092 330 3140 v.
346 3084 544 3158 ,ew-42.
568 3074 656 3142 Luc.
678 3075 713 3157 6,
739 3091 798 3162 sq.
814 3089 873 3156 3⁰·
895 3103 947 3124 -
975 3071 1058 3138 Lex

30 3168 170 3260 anrea*)
200 3170 248 3240 de
275 3167 463 3264 diligendo
486 3169 611 3258 hoste,
665 3172 833 3266 opposita
865 3184 1058 3268 praecepto

30 3287 93 3336 non
114 3285 188 3344 tam
213 3271 400 3358 Moseico,
425 3295 535 3366 quam
560 3271 740 3360 ludaico,.
757 3273 836 3344 imo
859 3269 1061 3344 Pharisaico

30 3365 69 3434 de
89 3372 238 3446 colendo
261 3373 452 3466 proximo,
478 3373 596 3468 deque
608 3373 760 3446 inimico
775 3370 949 3468 pertinaci
970 3371 1059 3444 odio

30 3473 283 3568 prosequendo,
309 3489 486 3567 provocat
508 3479 554 3545 ed
575 3474 634 3546 dei
660 3473 914 3570 perfectissimi
934 3473 1055 3546 imita·

30 3565 154 3644 tionem
169 3571 236 3664 ιΨ),
261 3571 452 3646 bonorum
469 3591 506 3648 et
521 3573 769 3668 scelestonirn,
790 3591 978 3674 gratorum
998 3573 1054 3646 in·

34 3713 224 3751 ·······r-····

44 3774 270 3878 nuntiatione
306 3783 491 3880 dignissima
522 3787 660 3882 damner
689 3801 756 3884 tort
777 3787 835 3924 ple
862 3789 971 3886 benq‘.
994 3785 1053 3850 1v.

92 3853 165 3934 26.)=
202 3859 235 3920 δι
256 3857 335 3920 deor
353 3865 497 3934 imiteris,
518 3861 560 3924 de
581 3878 614 3924 et
631 3875 764 3945 ingretrs
803 3861 947 3930 eneficla.
966 3863 1052 3926 Nem

93 3944 123 3988 et
140 3933 300 3996 sceleratis
319 3935 369 3996 sol
387 3939 490 3998 oritur
509 3951 542 3998 et
560 3943 669 4016 piratis
689 3954 803 4014 petent
821 3945 930 4000 meria.

44 4013 187 4096 **)Mtrh.
207 4045 236 4087 v.
253 4021 401 4124 cedem
418 4023 560 4114 γένησθε
577 4029 658 4099 uici
673 4028 919 4118 τοῦπατρὸς
935 4025 1050 4120 ὑμῶν

91 4102 161 4168 roi
181 4103 446 4194 ένουρανοῖς,
467 4111 715 4186 Luc.6,35,uni
736 4110 851 4180 ἔσεσθε
874 4111 955 4180 uisi
972 4113 1048 4182 τοῦ
1179 4180 1184 4192 Ι
1227 4141 1231 4170 ¹

91 4173 289 4268 ὑψίστου.
312 4205 486 4272 utrumque
504 4212 614 4271 sensu,
635 4215 733 4274 quem
746 4211 875 4274 vocant,
897 4197 1004 4260 ethico
1020 4217 1047 4258 a.
