2648 4990
312 363 780 451 ···--u·-·-
993 395 1008 426 θ

81 533 114 606 3,
132 511 217 612 ni)
240 511 327 588 eeu
342 507 421 590 Me
443 539 484 604 s,
499 528 538 607 4
567 509 783 640 κηρύσσων
807 511 1014 609 βάπτισμα
1031 535 1096 603 tse-

79 613 433 714 τανοίαςείςᾶφεσιν
452 613 670 722 ἀμαρτιιυν.
703 621 796 692 tue
823 639 865 707 3,
894 639 929 706 3.
981 621 1093 718 Qtted

79 716 211 812 quidem
226 741 383 816 regnum
400 717 561 793 eoeleste
574 743 657 794 non
673 737 829 794 eatenus
844 745 958 815 prope
973 723 1095 798 abesse

79 817 156 910 diei,
180 835 364 916 quatenus
387 819 429 890 in
451 825 656 918 propinquo
672 820 712 894 id
735 823 814 894 loco
836 821 886 894 sit
910 827 1094 896 constitu-

77 935 161 1009 tum,
194 920 259 994 sed
282 921 387 1018 quod
417 920 639 996 brevissimo
664 927 837 1020 ternporis
865 924 987 1020 sperio
1013 925 1095 998 eius

80 1022 260 1114 primordia
275 1023 354 1096 sint
373 1024 623 1118 exspectanda
648 1042 685 1098 et
700 1025 822 1097 veluti
843 1023 1095 1100 fundamenta

76 1122 242 1212 iacienda,
266 1121 498 1223 intelligitur
509 1141 594 1202 tum
620 1147 667 1198 ex
690 1127 846 1224 linguse
869 1127 1093 1217 rationibus,

77 1240 143 1296 tum
157 1249 201 1296 ex
216 1226 399 1300 orationid
415 1243 556 1298 tenore.
582 1228 667 1300 coll.
683 1233 759 1300 Mo
779 1251 818 1315 ι,
848 1248 905 1313 15.
957 1235 1095 1304 Utrum

75 1349 147 1400 sero
161 1327 201 1400 in
214 1328 313 1400 hsuo
329 1327 540 1402 orationem
556 1329 705 1403 deleme
723 1329 973 1423 sitBsptists,
990 1332 1095 1427 quod

75 1425 343 1502 inuniver'sum
370 1451 593 1526 persuasum
625 1428 814 1532 hebuerit,
846 1455 887 1506 ee
915 1431 1095 1530 baptismi

76 1527 272 1620 symbolum
297 1530 429 1604 diuino
460 1529 568 1604 iussu
593 1546 665 1606 ne‘e
686 1530 871 1604 inusitato
896 1533 1009 1626 plene
1033 1543 1095 1608 Iu·

75 1627 159 1702 dseis
175 1631 334 1716 entebso
356 1633 531 1730 exemplo
554 1633 773 1720 adhibente,
804 1651 840 1708 et
863 1633 910 1708 ad
933 1635 1092 1730 priscam

75 1755 204 1806 morum
241 1733 451 1808 bonitatem
482 1761 503 1809 a
527 1737 671 1831 perdita
702 1736 778 1808 v'ita
807 1739 981 1832 aequales
1008 1763 1094 1812 avo·
1145 1813 1151 1834 ,
1198 1794 1201 1804 .

76 1852 180 1924 tante,
206 1835 320 1944 brevi
336 1835 576 1933 proditurum
596 1861 677 1911 esse
691 1838 893 1923 Messinm,
920 1841 1094 1914 omnium

75 1936 156 2010 votis
190 1939 453 2016 ardentissime
480 1958 718 2034 exoptatum,
752 1938 903 2012 tametsi
933 1939 980 2014 de
1013 1944 1094 2016 eius

75 2061 211 2130 persons
240 2065 327 2114 non
356 2059 457 2114 certo
484 2039 560 2113 sibi
587 2059 676 2114 ante
699 2037 838 2112 Christi
861 2040 1094 2136 baptismum

75 2141 284 2230 constiterit:
318 2163 368 2216 an
391 2141 432 2214 in
453 2141 611 2230 Christi,
639 2141 815 2214 diuturna
843 2141 914 2216 sibi
931 2141 1095 2218 familia·

73 2242 163 2314 ritate
177 2244 330 2340 penitus
349 2241 510 2344 cogniti,
528 2269 729 2342 personam
745 2245 877 2318 oculos
894 2247 1097 2320 coniecerit

74 2343 212 2418 loannesl
231 2345 422 2440 Baptista,
449 2369 520 2417 neo
540 2347 587 2416 de
601 2343 793 2420 Messiane
813 2345 892 2418 eius
912 2345 1095 2446 dignitate

43 2463 51 2488 ··
76 2461 264 2520 etmunere
289 2447 369 2520 ulls
389 2446 462 2519 eibi
488 2445 677 2548 dubitatio
698 2465 825 2520 exorta
847 2446 984 2534 fuerits
1015 2451 1094 2524 into

75 2549 335 2624 comminuente
367 2566 458 2650 tute
491 2547 539 2626 de
569 2573 612 2626 te
639 2547 833 2626 Messiaue
864 2553 1024 2634 consilio
1053 2553 1095 2626 hi
1194 2548 1197 2556 ’

73 2759 259 2786 *Ἤ

85 2895 244 2976 *llladem
269 2899 373 2958 utitur
394 2917 477 2958 voce
503 2895 665 2966 Christus,
693 2913 843 2976 suscepto
870 2921 1007 2962 munere
1035 2901 1096 2962 do-

134 2981 237 3046 ctoris.
277 2971 374 3034 Mtth.
392 2979 430 3052 4,
454 2991 498 3050 17.
521 2971 595 3037 coll.
613 2974 679 3036 Mc.
702 2995 735 3047 1,
760 2983 867 3053 1415.
906 2977 1094 3056 Quaeritur,

130 3066 236 3112 utrum
256 3053 295 3112 in
316 3048 377 3110 bre
395 3073 453 3114 sua
474 3053 516 3110 ‹le
534 3071 638 3135 reguo
660 3054 771 3114 divino
792 3057 953 3112 sententia
972 3073 1096 3132 propo·
1155 3088 1157 3106 ι

132 3129 239 3188 nenda
260 3133 303 3188 ita
325 3127 423 3186 luerit
441 3143 583 3189 versatus
603 3133 750 3192 Ioannes
769 3131 942 3208 Baptista,
969 3144 1005 3188 ut
1026 3135 1098 3191 eius

132 3209 298 3268 orationes
312 3221 420 3264 coram
440 3205 567 3283 populo
581 3201 711 3265 habitae
728 3203 768 3264 ad
783 3203 987 3264 illustrandos
1004 3200 1095 3266 Chri-

132 3284 170 3336 sti
188 3300 356 3340 sermones
376 3275 577 3340 obscuriores
596 3281 828 3342 commentarii
845 3282 952 3340 instar
971 3289 1097 3362 possint
1211 3300 1216 3311 ¹
1239 3339 1242 3350 ‚

131 3357 165 3414 in
185 3355 338 3416 auxilium
360 3361 479 3416 vocari.
519 3357 665 3432 (Eodem
693 3357 840 3437 fereeut
865 3355 960 3416 simili
980 3359 1093 3430 modo,

134 3447 217 3509 quo,
244 3437 269 3491 si
291 3431 347 3490 tali
370 3431 518 3510 exemplo
540 3435 586 3494 ias
608 3448 656 3492 est
675 3437 709 3492 in
730 3429 791 3492 hac
809 3451 845 3492 re
866 3436 930 3506 uti,
957 3433 1096 3494 Luthsrs'

133 3519 165 3564 et
188 3507 462 3586 Melauehtlsossis
490 3509 531 3568 de
558 3507 772 3569 emendandis
798 3511 896 3568 sacris
922 3517 1095 3572 censurius

132 3599 200 3641 non
220 3589 292 3644 siue
318 3585 426 3644 fructu
447 3599 695 3664 comparantur,
724 3599 774 3651 et.
803 3587 933 3644 seorsim
952 3599 1094 3658 narrate,

131 3663 259 3791 penitus
293 3663 435 3742 perspici
465 3677 621 3742 recteque
658 3654 819 3722 sestimarl
849 3663 900 3719 vir
932 3663 1094 3756 possunt.)

156 3733 236 3794 teile
258 3751 365 3796 sutem
386 3737 597 3818 intelligitur,
617 3733 681 3799 hoe
699 3751 768 3796 tum
789 3733 920 3796 demum
939 3739 1010 3796 iure
1024 3733 1095 3798 lien

131 3827 241 3885 posse,
272 3817 299 3871 si
318 3814 448 3874 idoneis
477 3827 639 3876 constaret
665 3816 896 3895 argumentis„
911 3825 944 3871 et
962 3811 1096 3874 losnnis

133 3883 173 3942 de
200 3907 305 3967 regno
332 3889 500 3950 Messisno
528 3889 709 3950 doctrinam
735 3905 890 3968 superare
915 3888 1095 3966 perspicui·

132 3973 203 4020 sose
228 3984 291 4022 sua
318 3963 435 4027 Christi
461 3969 715 4038 institutionem,
749 3979 783 4022 et
808 3960 1018 4022 consiliorum
1037 3984 1095 4022 uo·

132 4033 361 4122 tantarumque
385 4044 767 4110 commonuissemus
793 4041 893 4101 fuisse
919 4051 1097 4120 utrumque

134 4109 312 4248 ἐρὲιζςοιη.
352 4115 455 4195 Quod
471 4137 515 4185 su
531 4115 705 4180 commode
723 4117 822 4180 statui
839 4115 964 4194 possit,
985 4117 1098 4220 statim

153 4209 163 4246 l
189 4209 207 4250 Ι
232 4211 325 4252 lmll&
1019 4236 1022 4244 ·
