2576 4994
351 377 466 396 --
521 363 598 434 ¹97³
644 364 767 396 -··-¹

42 525 160 582 testate
193 509 350 581 inditum
383 505 513 596 fuisse,
561 531 631 602 qua
664 507 759 579 illud
787 533 805 579 a
830 494 965 604 primis
989 529 1072 607 post

40 611 225 682 discessum
234 609 365 682 Christi
380 611 480 682 anuis
494 625 707 704 usurpatum
723 609 936 708 detegimus.
965 617 1070 684 Certe

41 711 130 806 quod
152 713 219 782 ille
239 711 373 782 obiecit
389 711 568 782 Barnabae
592 711 803 804 exemplum
821 713 968 782 videtur
983 712 1067 782 ube·

39 815 125 884 riore
148 812 401 909 disquisitione
426 812 654 910 dignum—
678 817 735 882 De
757 811 814 882 his
841 813 964 908 igitur,
991 814 1070 908 qui·

39 914 98 987 bns
122 913 260 984 dicatae
284 914 357 985 sint
383 912 554 986 orationis
586 931 729 984 nostrae
760 913 923 1008 singulae
956 940 1069 985 enun-

39 1015 215 1102 tiationes,
240 1016 349 1111 plane
375 1037 450 1085 non
476 1013 612 1108 poterit
636 1013 706 1086 nisi
732 1037 780 1084 ex
805 1017 953 1088 internis
977 1017 1069 1088 indi·

40 1120 92 1190 cr'is
112 1133 253 1187 certum
270 1115 358 1188 ferri
372 1115 562 1186 iudicium.
612 1121 660 1188 Et
684 1114 841 1188 vidimus
855 1139 910 1210 ap.
927 1119 1066 1188 Matth.

38 1219 208 1312 usquead
237 1241 270 1289 v.
296 1241 355 1288 ιο.
384 1217 498 1306 (etin
524 1221 611 1289 Luc.
636 1217 677 1288 ll.
716 1217 861 1311 parall.)
880 1233 1068 1310 praecepta

40 1342 172 1410 prorsus
195 1319 248 1388 ita
275 1341 350 1392 esse
374 1334 598 1412 comparata,
624 1335 667 1388 ut
688 1315 864 1390 maiorem
887 1315 1068 1388 ambitum
1170 1339 1174 1354 ¹

41 1419 259 1508 auditorum,
282 1439 359 1491 non
382 1415 501 1490 ferant
526 1435 681 1507 tantum,
702 1419 765 1488 sed
790 1418 988 1514 postulent.
1020 1425 1068 1490 Et

38 1544 118 1614 quae
138 1543 158 1592 a
182 1543 221 1593 v.
244 1545 301 1594 ιι.
325 1521 553 1616 persequitur
575 1519 786 1606 Redemtor,
809 1533 893 1589 sunt
916 1519 1067 1614 quidem

39 1621 82 1690 ita
103 1619 347 1708 conformata,
386 1637 430 1691 ut
460 1645 588 1694 eorum
614 1636 759 1690 tantum
790 1619 989 1690 rationibus
1014 1619 1068 1690 vi·

40 1721 178 1794 deantur
202 1737 460 1809 consentanea,
500 1723 566 1818 qui
585 1723 626 1793 in
650 1721 805 1792 docendi
829 1744 981 1793 munere
1003 1738 1068 1792 aut
1094 1766 1096 1774 ·

39 1821 171 1897 iamiam
196 1823 331 1900 versati
353 1821 501 1909 luerint,
526 1839 589 1894 aut
612 1823 780 1918 proxime
804 1822 878 1894 sint
897 1821 990 1892 vires
1006 1846 1067 1893 ex·

37 1925 171 2018 perturi.
233 1929 370 1998 Verum
405 1949 520 2019 quum
553 1941 590 1996 et
628 1923 890 2018 discipulorum
916 1926 996 1992 Iesu
1029 1939 1067 1992 et

37 2025 212 2096 doctorum
242 2025 347 2122 regni
366 2023 539 2096 Messiani
557 2047 729 2098 numeros
753 2023 966 2119 neutiquam
988 2021 1066 2093 fue·

38 2125 79 2194 rit
99 2127 358 2216 immutabilis,
383 2143 571 2222 essentque
602 2143 640 2196 et
673 2123 738 2222 qui
762 2141 847 2221 post
869 2124 1066 2218 discipulos

39 2225 164 2306 stabant
187 2229 390 2314 auditores,
434 2228 474 2298 in
505 2227 668 2299 eiusdem
694 2225 832 2322 negotii
856 2226 1065 2296 societatem

40 2331 200 2420 paulatim
231 2327 450 2416 adducendi,
476 2325 583 2401 facile
606 2327 843 2424 intelligitur,
877 2351 1066 2423 argumen-

41 2433 287 2526 tumpatuisse
318 2432 439 2502 latius.
505 2437 553 2500 Et
584 2454 631 2502 ne
658 2445 800 2525 poterat
832 2428 982 2546 quidem
1005 2453 1063 2498 co·

41 2553 106 2602 ram
127 2533 191 2602 tali
215 2532 390 2604 concione
408 2533 481 2602 tale
505 2557 582 2602 non
603 2529 692 2628 eligi
717 2529 933 2624 tractarique
960 2553 1064 2625 argu·

41 2649 202 2720 mentum,
225 2635 325 2730 quod
349 2651 392 2704 ut
412 2648 504 2704 esset
527 2631 755 2702 uberrimum
777 2653 981 2725 magnaque
1005 2653 1063 2699 va-

41 2731 151 2804 rietate
177 2735 408 2823 distinctum,
445 2733 497 2802 ita
526 2733 592 2804 uni
618 2725 769 2804 alterive
794 2731 908 2827 magis
934 2755 1065 2802 conve·

42 2834 140 2922 niret,
186 2833 381 2934 possetque
420 2833 661 2906 nihilominus
701 2831 746 2904 ab
780 2830 950 2904 omnibus
981 2855 1064 2902 cum

36 2888 150 3023 fruetis
171 2937 320 3032 percipi.
367 2933 665 3008 Perc'ommode
653 2934 767 3028 rgitur
792 2957 877 3004 cum
909 2931 1064 3002 nonnul-

42 3033 80 3104 lis
101 3036 247 3124 dixeris,
272 3037 474 3116 orationem
497 3037 705 3122 aditialem,
730 3059 801 3132 qua
826 3035 989 3106 indolem
1013 3033 1063 3100 le-

43 3139 260 3228 gumlationis
274 3139 477 3211 Messianae
497 3137 572 3210 suis
592 3135 735 3208 abunde
755 3133 959 3222 declaravit,
984 3132 1064 3208 aliis

43 3239 199 3312 remotius
222 3237 401 3314 stantibus
426 3237 652 3311 auditoribus
676 3237 731 3308 rei
750 3236 950 3310 Messianae
972 3235 1064 3306 item
1176 3287 1181 3298 .

43 3341 220 3414 candidatis
245 3341 398 3414 minime
423 3340 574 3412 celatam
593 3337 725 3412 voluit.
775 3345 865 3410 Eam
881 3335 1063 3430 auspican·

44 3451 94 3508 tur
97 3443 296 3540 praecepta
303 3445 501 3542 generalia,
525 3441 780 3524 intercalantur
779 3441 976 3534 specialia,
992 3442 1062 3531 (ap.
1159 3465 1163 3472 ·

44 3541 143 3614 Meet
171 3549 345 3630 13-16.
371 3559 409 3614 et
432 3549 520 3615 Luc
545 3543 685 3638 parall.)
709 3565 854 3612 rursum
878 3537 1064 3633 excipiunt

43 3648 221 3734 generalia.
271 3649 355 3716 Hoc
379 3643 510 3742 igitur,
536 3645 634 3740 quod
656 3643 771 3760 pulgo
791 3655 959 3734 urgetur,
995 3636 1063 3708 dis·

45 3741 163 3815 crimen
187 3746 367 3822 interioris
391 3746 487 3816 inter
522 3741 749 3816 admissionis
773 3741 985 3836 discipulos,
1025 3754 1063 3806 et

46 3841 174 3930 plebem
198 3849 317 3920 minus
350 3845 598 3920 confirmatam
632 3842 728 3916 nihil
759 3845 867 3958 plane
896 3837 1061 3934 impedit,

47 3949 249 4030 quominus
278 3952 348 4020 hoo
370 3963 611 4020 monumento
643 3947 689 4018 ad
713 3941 958 4042 perspicienda
982 3937 1062 4010 ofli-

47 4039 91 4112 cia
112 4063 147 4118 et
167 4051 408 4145 praesentium
429 4066 468 4122 et
490 4048 701 4122 futurorum
725 4069 840 4120 sacrae
870 4043 928 4116 rei
946 4040 1062 4138 publi
1152 4102 1156 4109 ,
1272 4119 1273 4160 ,
