2648 4990
377 327 793 408 ...Ἵμ-

75 471 125 546 ltis
144 467 266 550 libris.
329 471 414 558 Nec
435 485 565 562 tamen
592 493 673 544 uon
697 469 827 568 potuit
857 495 905 548 ex
925 469 1106 572 interpres

75 575 208 646 tatione
240 573 381 648 horum
412 572 586 658 locorum
614 571 771 668 ludaeis
790 569 968 649 familiari
988 573 1106 656 fluere

74 677 200 772 dogma
219 673 361 748 Christi
374 690 492 769 aetate
506 675 792 772 pervulgatum,
815 681 962 772 ptaeter
977 677 1103 757 uliam

75 775 177 850 alium
189 776 376 870 quendam
394 775 587 852 evetttstis
603 775 795 872 prophetis
822 769 865 869 (ti
889 773 1104 881 προφήτης.

73 885 118 952 Ιο.
137 904 168 966 ι,
186 901 254 950 αι.
275 875 478 982 προφήτης
495 869 545 966 εἷς
562 875 642 950 τῶν
657 873 853 984 ἀρχαίων.
875 881 966 950 Luc.
985 901 1019 974 9,
1036 885 1102 974 8.),

73 1003 171 1074 quem
192 977 381 1052 nonnulli
406 975 471 1070 (cf.
497 977 612 1054 Mtth.
633 981 700 1070 16,
729 982 802 1072 14.)
828 983 1021 1053 Jeremiam
1047 981 1104 1056 di·
1192 987 1196 996 '

72 1098 196 1152 xerunt
231 1077 363 1174 (abusi
384 1076 549 1172 iocmsse
573 1079 682 1152 male.
698 1078 900 1158 intellectis
930 1079 1045 1159 locist
1078 1105 1130 1158 a·

72 1181 185 1264 Macci
201 1205 251 1270 s.
275 1203 311 1274 7.
335 1203 402 1270 15,
431 1185 526 1279 sep),
557 1177 722 1256 Messias
744 1181 787 1256 in
810 1181 879 1258 has
901 1198 1023 1258 terras
1038 1179 1103 1257 ad·
1164 1237 1168 1248 .

72 1301 214 1356 tentum
230 1305 314 1369 esse
329 1299 621 1358 antecessarum.
646 1321 649 1328 =

135 1384 206 1458 His
229 1383 430 1458 commode
455 1379 698 1482 adiungimus
722 1386 913 1462 Philonem
939 1387 1101 1458 Alexan·

74 1487 216 1574 deinum}
242 1509 358 1582 quem
374 1485 600 1560 conciliandi
609 1487 813 1563 sententias
827 1483 1101 1586 Pythagoraeo·

72 1611 142 1658 mm
167 1610 209 1660 ac
233 1583 523 1660 Platonicorum
544 1587 592 1663 de
618 1587 697 1662 fine
716 1586 906 1660 bonorum
931 1607 968 1660 et
990 1585 1101 1664 chal·

72 1687 234 1760 daeotum
252 1686 474 1784 sapientiam
493 1713 579 1762 cum
596 1689 708 1764 sacris
724 1689 955 1764 Indaeorum
978 1688 1099 1762 literis

71 1789 183 1862 studio
200 1789 381 1877 ductum,
404 1787 618 1866 substitisse
640 1789 682 1864 in
707 1791 870 1886 simplici
890 1815 1023 1866 aurete
1040 1815 1100 1862 ae·

73 1892 144 1962 tatis
160 1891 413 1986 descriptione
426 1914 508 1962 non
526 1892 608 1964 sine
629 1893 723 1988 legis
742 1917 970 1986 morumque
994 1893 1100 1971 mltu

74 1991 247 2088 animique
266 1991 531 2065 emendatione
546 1992 797 2082 obtinendae,
825 1993 914 2066 catis
937 2011 1098 2066 constat.

71 2099 226 2188 Quorum
262 2093 431 2168 fructum
470 2093 638 2190 itemque
672 2095 875 2166 maximam
909 2091 1098 2166 beatitatis

72 2213 197 2286 partem
215 2194 407 2268 contineri
429 2213 540 2288 putat
564 2220 712 2269 summa
737 2195 937 2269 concordia
963 2213 1001 2268 et
1020 2195 1099 2290 pla·

71 2293 142 2366 cido
155 2299 308 2370 virtutis
325 2293 511 2370 exercitio.
560 2303 693 2394 Neque
707 2315 835 2370 tamen
849 2297 1015 2369 excludit
1028 2321 1099 2390 po·

37 2464 40 2474 ,
73 2397 243 2491 palatium
260 2399 303 2472 in
319 2399 476 2493 patriam
495 2399 676 2488 reditum,
701 2423 786 2474 cum
810 2399 1024 2496 suppliciis,
1050 2397 1098 2472 de

74 2500 248 2573 tomutuni
262 2502 373 2574 hoste
387 2499 599 2590 sumendis,
624 2501 881 2575 coniunctum.
899 2497 931 2593 *)

134 2606 188 2672 De
202 2585 345 2674 etesiis
363 2601 517 2698 eiusque
531 2627 649 2700 regno
663 2605 774 2698 plane
797 2619 897 2674 tacet
912 2602 1096 2696 Iosephus,

71 2700 177 2773 velue
195 2709 457 2796 Romanorum
475 2703 728 2798 suspiciosum
743 2703 919 2776 adversus
937 2704 1099 2799 popula-

72 2825 117 2893 pes
131 2803 299 2878 enititum
317 2821 569 2894 converteret,
593 2799 733 2902 eosque
757 2817 883 2880 reruni
906 2827 1095 2876 novarum
1173 2819 1175 2828 '

72 2904 272 2996 cupiditatis
297 2905 557 2992 insimularet,
582 2906 644 2980 vel
670 2907 774 3002 quod
799 2925 887 3002 post
909 2904 1097 2978 excidium

59 3001 159 3077 *urbis
176 3027 213 3080 et
227 3003 456 3104 reipublicae
470 3023 668 3104 tantasque
680 3007 803 3109 gentis
822 3027 911 3078 snae
927 3005 1095 3078 miserias

72 3123 189 3180 vanam
205 3135 288 3184 esse
305 3127 420 3206 atque
438 3111 668 3182 temerariam
684 3107 902 3182 huiusmodi
918 3133 1023 3204 spem
1039 3123 1095 3179 at-

72 3223 133 3296 que
162 3213 478 3308 exspectationem
507 3209 759 3286 iudicavisset.
783 3207 840 3307 st)
905 3215 1105 3282 Memorat
1155 3225 1169 3248 ‘

74 3371 264 3400 ...Ι-..ιιι

84 3457 334 3538 *ilieexecran
354 3467 394 3530 11.
413 3473 447 3548 p.
457 3469 635 3548 ·455-457.
653 3465 697 3528 de
712 3485 842 3548 praem.
861 3465 901 3526 11.
921 3483 955 3546 p.
989 3482 1026 3526 ao
1044 3485 1094 3544 tq.

134 3539 175 3600 de
185 3563 288 3605 somn.
310 3545 334 3604 Ι.
353 3565 386 3626 p.
402 3545 468 3620 646.
485 3545 552 3620 647.
572 3545 650 3602 edit.
670 3543 818 3602 Missas.
852 3543 901 3605 cf.
922 3559 963 3600 nt
1019 3557 1097 3600 sm

136 3613 213 3678 bibl.
234 3623 357 3700 Dogm.
389 3621 454 3752 166.
478 3619 542 3688 165.
579 3617 664 3678 Ven.
685 3633 719 3678 et
736 3617 785 3677 111.
814 3632 856 3678 ns
874 3619 996 3680 Annon
1013 3613 1094 3676 bibl.

138 3691 246 3757 Theoi,
262 3695 301 3756 Il.
323 3705 388 3767 23¹·
444 3699 558 3777 astigia
577 3693 704 3774 eliqua,
731 3691 790 3754 sed
812 3713 850 3754 ea
875 3697 950 3754 satis
968 3695 1095 3752 incarn

135 3765 315 3835 Meesltnee
327 3776 511 3831 sententiae
524 3774 682 3848 reperisse
698 3767 760 3828 sibi
774 3773 833 3830 visi
852 3783 926 3830 tunt
938 3763 1094 3826 nonnulli

135 3843 169 3902 in
189 3867 248 3909 utu
268 3847 333 3906 loci
352 3847 451 3910 Num.
469 3851 524 3922 24,
544 3865 574 3918 7.
593 3843 637 3906 da
676 3865 779 3907 taem
797 3844 838 3908 11.
883 3839 1093 3924 aiam-V·

135 3915 233 3979 Stant
252 3921 431 4002 Lekrbegr.
449 3921 574 3982 Philo's
591 3925 628 3984 in
674 3939 824 3981 sennenn.
855 3865 942 3983 iile
960 3915 1016 3982 lv.
1034 3921 1094 3994 849

91 4055 107 4096 ἡ
137 4010 179 4129 sp).
208 3995 395 4058 ssimum
419 3997 570 4100 Christol.
590 4017 624 4075 p.
647 4007 682 4072 14
700 4013 748 4134 εἳ
1037 4027 1040 4036 ·

108 4059 490 4228 litescunt.
511 4073 617 4227 aa
633 4071 719 4220 ‘es
748 4067 1038 4227 &affl
1054 4064 1093 4128 '⁷‘
