2648 4990
69 503 153 593 diit,
167 500 411 598 doctorisque
424 509 577 590 munus,
595 498 700 575 cerins
716 471 885 600 obeundi
896 501 1101 599 cupiditate

70 625 103 678 et
118 605 266 704 ingenti
284 621 323 676 et
340 603 572 676 sanctissima
590 603 639 679 aii
657 604 814 676 ineunte
832 621 951 678 aetate
973 604 1103 702 flagre-
1158 587 1162 595 ¹
1224 676 1231 696 ,

70 708 143 796 vit,
164 725 317 778 strenuo
337 705 458 777 tuitus
476 722 542 776 est
592 710 785 777 Summam
805 706 885 777 eiua
908 707 1103 797 orationis,

71 813 193 882 corani
205 806 395 879 adfluente
409 807 657 881 multitudiue
671 806 836 894 habitae,
863 809 1018 881 tradunt
1033 832 1104 881 no·
1161 801 1176 830 '⁵

72 910 123 981 bis
143 908 409 1006 Evangelistae
440 909 500 980 liis
522 909 666 982 ierbisa
707 903 946 1003 μετανοεῖτε,
974 907 1119 1007 ἤγγικε·

73 1010 142 1116 γάρ
159 1007 180 1100 ἡ
199 1009 385 1101 βασιλεία
399 1009 482 1111 φῶν
500 1007 690 1110 οὐρανῶν.
742 1010 857 1082 Mrth.
872 1026 916 1099 4,
938 1034 994 1098 17.
1026 1014 1103 1085 Mc.

77 1133 194 1198 1,15.
255 1116 317 1185 Ex
351 1135 422 1208 qua
463 1113 636 1182 oratione
666 1110 743 1182 duo
772 1111 864 1182 hese
896 1129 1104 1208 emergunt.
1139 1171 1141 1178 .

74 1215 233 1286 Primum
251 1230 476 1286 revocantur
492 1208 680 1283 auditores
706 1234 726 1283 a
752 1237 902 1284 morum
927 1214 1106 1307 perversi·
1134 1261 1137 1270 .

74 1331 140 1388 tate
163 1339 205 1386 ac
230 1313 406 1388 sordibus
427 1312 478 1385 'ad
506 1312 645 1387 bonam
661 1311 810 1412 frugem
834 1315 1106 1409 melioremque
1200 1331 1206 1342 '

77 1411 183 1490 animi
206 1413 568 1499 conformationem
604 1413 691 1486 dein
718 1436 824 1501 vero,
848 1415 888 1485 id
910 1416 1013 1511 quod
1036 1442 1107 1489 tto·
1173 1501 1179 1512 Ι

77 1535 143 1591 stra
167 1540 278 1590 nuuc
306 1517 463 1593 interest
481 1516 730 1611 perspexisse,
763 1525 922 1614 regnum
949 1519 1108 1591 Messia-

77 1643 162 1692 num
171 1617 396 1691 brevissimo
411 1624 585 1710 ternporis
600 1618 721 1714 spetio
734 1618 802 1710 (ita
814 1617 915 1691 enim
925 1642 960 1690 v.
976 1615 1108 1715 ἤγγικε

78 1719 235 1792 meliaais
253 1737 370 1792 notae
385 1721 605 1814 interpretes
625 1721 672 1792 ed
691 1743 815 1792 unum
833 1743 966 1792 omnes
988 1722 1109 1817 expli·

80 1827 166 1913 cant)
181 1820 405 1895 adfuturum
420 1845 499 1894 esse
515 1822 742 1916 perhibetur.
916 1885 920 1892 .

144 1933 270 2020 Atque
289 1923 420 1996 eodem
445 1924 611 1994 tendunt
627 1947 667 1996 ea
683 1924 785 2010 loca,
809 1923 852 1994 in
871 1921 1009 2019 quibus
1033 1948 1110 1997 coe·

82 2021 167 2097 lestis
193 2028 302 2125 regni
331 2027 576 2120 praedicatio,
612 2048 703 2121 quae
737 2017 887 2097 Christo
918 2024 1108 2116 tribuitur,

83 2149 159 2198 cum
192 2130 420 2200 miraculosis
455 2127 534 2200 eius
571 2127 819 2200 sanctionibus
853 2126 1109 2223 coniungitur.

84 2228 187 2302 Mtth.
204 2244 249 2319 4,
281 2250 339 2313 23.
363 2252 407 2321 9,
435 2248 493 2315 35.
520 2232 636 2317 (Luc.
663 2253 717 2322 9,,
734 2253 766 2300 s.
793 2231 840 2316 6.)
869 2229 1112 2326 Egregieigi·

84 2342 138 2399 tur
152 2330 466 2425 praeparabantur
482 2329 599 2402 animi
615 2329 664 2401 ad
685 2329 756 2402 rite
773 2329 1033 2424 excipientium
1052 2355 1112 2402 so-

83 2433 294 2524 spitatorem
310 2429 482 2503 futurum
497 2430 822 2526 (quandoquidem
842 2431 1113 2504 ardentissimis

83 2533 172 2604 rotis
189 2558 230 2604 ee
253 2526 372 2605 aetate
395 2557 416 2604 a
441 2533 623 2627 plerisque
637 2531 783 2605 Iudaeis
800 2532 1112 2626 exspectabatur),

86 2635 311 2727 experiundo
338 2633 518 2706 beneficit
550 2634 648 2720 eius,
684 2633 751 2726 qui
784 2634 932 2706 tametsi
951 2637 1114 2707 Messias
1235 2697 1242 2708 .

87 2758 216 2809 nomen
229 2733 429 2824 reticebat,
457 2735 593 2828 apertis
610 2753 735 2806 tamen
750 2734 874 2819 verbis
892 2733 1113 2823 declarabat,

88 2834 168 2907 haec
186 2853 294 2909 tanta
314 2836 522 2908 benacum
540 2860 656 2932 regno
682 2835 812 2911 divino
838 2860 955 2931 prope
980 2837 1114 2908 accele-

88 2954 184 3011 rante
205 2962 288 3011 esse
303 2941 514 3011 coniuncta.
564 2939 814 3011 Praesentiam
837 2937 933 3034 regis
951 2939 1116 3010 theoera·

91 3037 148 3107 tici
163 3040 293 3135 reique
306 3041 517 3112 Messianae
531 3041 628 3111 laeta
643 3041 750 3110 initia
774 3063 855 3111 non
878 3038 1022 3110 minore
1039 3057 1117 3115 stu·

93 3136 148 3209 dio
164 3141 276 3213 iussit
295 3141 510 3235 discipulos
527 3167 592 3235 per
615 3139 725 3214 urbes
751 3139 1035 3234 provinciasque
1052 3148 1117 3211 Pa-

92 3239 518 3328 laestinaesnnuntiare,
546 3241 702 3337 quibus,
729 3243 760 3314 si
775 3241 873 3312 nihil
887 3245 1025 3338 magis,
1045 3242 1119 3314 hoo

93 3338 366 3432 tamen‘effecit,
394 3361 439 3415 ut
460 3345 572 3417 latius
593 3341 775 3438 proferret
798 3367 922 3414 rerum
941 3343 1120 3414 maxima-

93 3466 169 3513 rum
185 3446 499 3539 exspectationem
517 3464 554 3516 et
571 3445 742 3516 aculeum
755 3445 796 3516 iu
820 3445 955 3519 animis
980 3445 1120 3519 multo.-

94 3565 171 3614 rum
193 3549 431 3641 relinqueret.
479 3547 595 3619 Mttb.
616 3572 679 3630 ro,
700 3570 734 3637 7.
770 3552 919 3639 Luce,
950 3570 981 3620 e.
997 3550 1030 3620 6.
1061 3569 1120 3632 ro,
1197 3623 1200 3630 ,

97 3665 125 3732 9.
144 3671 195 3715 ιι.
245 3654 344 3719 Nam
367 3649 450 3720 sine
473 3647 610 3735 dubio,
636 3647 704 3742 qui
726 3647 834 3745 regni
855 3647 1025 3720 coelestis
1050 3645 1148 3725 ini·¹

97 3743 142 3813 tia
157 3748 293 3822 instare
309 3749 530 3838 audiebant,
553 3749 680 3822 Iudaei
694 3748 790 3819 nihil
804 3747 906 3845 prius
921 3748 994 3822 sibi
1013 3770 1123 3843 queo·

97 3848 248 3928 rendum
282 3867 513 3946 putaverunt
550 3851 637 3925 sada
676 3850 881 3946 ceterisque
917 3845 1123 3922 virtutibus

99 3947 265 4046 principis
290 3952 402 4024 huius
424 3949 541 4050 regni.
593 3957 695 4049 Ergo
709 3953 781 4023 'hec
804 3950 960 4047 provida
984 3967 1022 4023 et
1037 3974 1124 4044 pru·
1170 3993 1172 3997 -

102 4046 203 4122 dente
220 4053 365 4134 ratione
381 4078 459 4138 rem
476 4076 671 4151 eggressus
691 4055 898 4139 Dominus,
921 4069 1125 4146 utrumque

102 4165 152 4216 est
164 4173 402 4251 assequutus,
428 4173 525 4234 utet
543 4155 825 4227 reiMessianao
846 4176 929 4248 apsa
954 4153 1127 4224 alacriter
