2648 4990
71 522 155 613 diit,
168 519 409 616 ductorisque
420 527 575 609 munus,
592 519 698 595 unitis
714 519 882 620 obeundi
894 521 1099 618 eupiditate
1155 607 1158 614 ι

72 645 105 698 et
119 624 264 722 ingenti
282 641 321 694 et
338 622 570 696 submissim
587 622 637 698 sb*
655 624 812 696 ineunte
828 641 948 698 setste
970 624 1100 722 flagre-

72 729 145 816 tit,
164 743 314 798 strenue
335 725 455 796 tuitus
474 741 539 796 est
590 729 783 796 Summam
802 725 883 798 eius
905 728 1100 817 credonis,

72 833 195 900 cortou
204 825 393 898 sdduente
407 826 655 901 multitudine
668 825 834 913 habitae,
861 828 1016 900 trudunt
1031 853 1102 900 no·
1159 822 1174 852 '⁸

73 929 124 1000 bis
144 927 407 1026 Evangelistae
438 927 498 999 his
519 929 663 1002 verbis:
705 923 944 1024 μετανοεῖτε,
971 926 1116 1026 cippati*

74 1030 143 1136 γάρ
160 1026 180 1119 ἡ
199 1029 382 1121 Baccheia
396 1027 479 1131 'rebe
498 1027 688 1130 obponire.
740 1030 854 1100 Mtth.
870 1045 914 1119 4,
935 1053 991 1118 17·
1024 1033 1101 1104 Mc.

78 1152 193 1219 1,15.
253 1135 315 1204 Ex
348 1151 419 1226 qua
461 1132 633 1202 cretione
664 1131 741 1202 duo
770 1131 862 1202 hacc
893 1151 1101 1228 emergunt.

75 1233 232 1306 Primum
249 1249 473 1306 revocantur
489 1228 678 1304 auditores
704 1254 724 1302 a
750 1255 900 1304 morum
925 1234 1104 1328 perversi·

75 1351 140 1408 tete
162 1358 203 1405 sc
229 1333 404 1406 sordibus
424 1331 476 1404 ‘ed
504 1332 643 1408 bonnm
659 1330 808 1431 frugem
831 1334 1104 1429 melioremque
1198 1351 1204 1360 ‘

77 1431 182 1511 enimi
204 1433 566 1518 conformationem
602 1433 689 1506 dein
716 1457 822 1522 vero,
846 1435 885 1506 id
908 1436 1010 1532 quod
1034 1461 1105 1508 no·
1171 1519 1177 1532 ¹
1247 1502 1250 1511 ,

77 1555 142 1614 strs
166 1559 276 1609 nunc
304 1536 461 1612 interest
479 1535 728 1630 perspexisse,
761 1545 919 1634 regnum
947 1541 1106 1610 Messia-

76 1663 160 1712 num
169 1638 394 1711 brevissimo
409 1644 582 1729 seruparit
598 1637 718 1733 spetio
732 1637 799 1730 (ita
812 1637 912 1712 enim
923 1661 957 1710 v.
974 1635 1106 1735 ἤγγικε

77 1740 234 1813 meliotis
252 1757 367 1812 nome
383 1740 603 1834 interpretes
623 1741 669 1812 ed
689 1763 812 1810 unum
831 1763 963 1812 omnes
986 1741 1107 1837 expli·

78 1847 164 1934 cent)
179 1839 402 1914 adfuturum
417 1865 497 1912 esse
513 1841 740 1934 perhibetur.

142 1954 268 2040 Atque
287 1943 418 2016 eodem
444 1943 665 2016 tendentes
681 1943 783 2028 ioca,
807 1941 850 2012 in
869 1941 1007 2038 quibus
1031 1969 1108 2016 coe·

81 2041 164 2118 lestis
190 2047 299 2144 regui
329 2045 574 2140 praedicatio,
609 2067 701 2140 quae
735 2035 884 2116 Christo
916 2043 1107 2136 tribuitur,

81 2169 156 2219 cum
189 2149 418 2220 miraculosis
452 2147 531 2218 eius
569 2145 816 2218 sacrationibus
851 2145 1107 2242 coniungitur.

82 2248 184 2324 Mtth.
201 2264 249 2339 4,
279 2270 336 2332 23.
361 2271 403 2340 9,
433 2268 490 2336 35.
517 2251 634 2338 (Luc.
661 2271 764 2342 9,.s.
791 2250 838 2335 6.)
867 2253 1025 2343 Egregie
1040 2249 1109 2344 igi-

82 2365 135 2419 tur
149 2349 463 2446 prseparabsntur
479 2349 597 2422 animi
613 2349 660 2422 ed
683 2348 754 2420 rite
771 2349 1031 2442 excipiendum
1050 2374 1110 2422 so·

83 2455 292 2546 spinterum
307 2449 480 2523 futurum
494 2450 820 2546 (quondoquidem
841 2451 1111 2526 ardentissimis

83 2555 171 2624 votis
188 2578 229 2625 es
251 2542 370 2626 aetate
392 2577 413 2624 s
438 2555 620 2650 plerisque
635 2551 780 2626 Iudaeis
798 2551 1110 2646 exspectabatur),

85 2655 308 2748 experiundo
335 2653 515 2727 beneficit
547 2655 646 2740 eius,
681 2654 749 2748 qui
783 2654 930 2727 tametsi
949 2657 1112 2726 Messioe

85 2779 215 2830 nomen
227 2755 427 2843 reticebat,
454 2756 590 2850 apertis
607 2773 732 2828 temen
748 2754 871 2843 verbis
889 2755 1111 2842 declarabat,

87 2855 166 2928 baec
184 2873 291 2928 tants
311 2856 410 2928 bons
434 2881 519 2929 curn
536 2881 654 2952 regno
679 2855 810 2933 divino
836 2880 952 2951 prope
978 2858 1112 2928 eccele-

86 2975 182 3032 rante
203 2983 286 3032 esse
301 2961 511 3030 coniuncta.
561 2959 812 3031 Prsesentisrn
835 2957 931 3053 regis
949 2958 1113 3028 theotra-

89 3059 145 3130 tici
161 3060 290 3156 reique
303 3061 515 3132 Maeuianae
529 3060 624 3132 laets
640 3060 747 3132 initis
771 3083 852 3130 non
876 3057 1020 3130 minore
1037 3077 1115 3133 stu·

91 3159 145 3231 dio
162 3163 274 3234 iussit
293 3163 509 3256 discipulos
524 3187 589 3258 per
613 3160 723 3234 urbes
749 3160 1034 3255 provinciasque
1049 3168 1115 3231 Pe·

90 3262 260 3336 laestinse
271 3263 516 3350 annuntiare,
544 3263 699 3358 quibus,
726 3263 758 3335 si
773 3262 870 3333 nihil
885 3265 1023 3358 magis,
1044 3263 1116 3334 hoc

91 3361 363 3454 temen'effecit,
391 3383 436 3436 ut
457 3367 569 3438 latius
590 3363 772 3460 proferret
796 3387 920 3436 rerum
938 3362 1117 3436 maxima·

91 3487 167 3534 rum
182 3467 496 3560 exspectationem
514 3484 551 3538 et
568 3467 740 3538 aculeum
753 3466 794 3538 in
818 3465 953 3540 animis
977 3457 1118 3539 multos·

91 3589 168 3637 rum
191 3569 428 3662 relinqueret.
476 3569 592 3640 Mtth.
614 3593 676 3651 so,
697 3591 731 3658 7.
767 3569 1118 3660 Luc.9,e.6.10‚
1195 3643 1198 3650 ,

94 3689 122 3755 9.
142 3692 193 3737 rr.
243 3675 342 3740 Nam
365 3669 447 3740 sine
470 3668 607 3754 dubio,
634 3668 701 3763 qui
724 3668 831 3766 regni
853 3667 1023 3740 coelestis
1047 3666 1120 3742 iui-
1139 3731 1146 3745 ,,

94 3766 138 3836 tie
154 3770 290 3842 instate
306 3769 527 3858 audiebant,
550 3769 677 3843 Iudaei
690 3769 788 3841 nihil
802 3768 903 3864 prius
918 3769 991 3843 sibi
1010 3790 1120 3864 ques·

94 3869 246 3946 rendum
280 3885 510 3966 putaverunt
547 3872 635 3947 sede
674 3869 879 3966 ceterisque
914 3866 1122 3943 virtutibus

95 3969 263 4065 principis
287 3973 399 4044 buius
421 3968 538 4071 regni.
590 3977 692 4070 Ergo
705 3973 779 4042 ¹hcc
802 3971 957 4066 provide
982 3988 1020 4044 et
1035 3995 1122 4065 pru·
1168 4013 1170 4017 -

97 4067 199 4142 dente
217 4072 364 4153 ratione
380 4098 456 4146 rem
473 4096 668 4171 aggressus
689 4075 896 4160 Dominus,
919 4090 1123 4168 utrumque

98 4185 148 4236 est
160 4192 400 4270 assequutus,
426 4192 470 4249 ut
485 4192 523 4249 et
540 4175 595 4246 rei
610 4175 823 4248 Messianse
843 4197 927 4271 spos
953 4174 1125 4245 alacriter·
