2654 4988
12 1699 14 1776 i
67 1699 240 1783 ENO'I'IS
259 1699 557 1782 PARTIBUSQUE
578 1701 785 1763 DETECTIS
814 1701 950 1766 REGNl
968 1704 1109 1774 DIVJM

12 1805 13 1826 ³
67 1793 204 1857 NOTIO
237 1795 450 1858 Utttvnttst
480 1793 770 1856 PROPONITUR.
809 1797 1110 1870 SIGNlFlCATIOq

201 1887 304 1950 NUM
323 1887 575 1957 vstttETATts
595 1887 743 1949 BREVIS
764 1889 970 1952 GENSURA.

65 2117 141 2228 Ex
167 2155 248 2242 his,
266 2179 360 2251 quae
381 2152 553 2226 hactenus
579 2151 756 2244 diximus,
803 2151 906 2250 quasi
929 2179 976 2228 ex
998 2154 1111 2252 parti·

66 2259 157 2332 culis
181 2255 354 2351 singulis,
378 2253 530 2352 repetita
558 2259 911 2330 Commentariorum
936 2260 1117 2354 Synopti·'

66 2387 192 2434 corum
219 2360 377 2431 lectione
401 2357 577 2448 inventis,
599 2385 665 2456 per
693 2355 939 2459 praecedentis
963 2385 1112 2438 cursum
1197 2352 1209 2372 '¹

66 2462 322 2559 disputationis
360 2461 573 2555 exploratis,
615 2480 653 2534 et
685 2465 729 2534 sd
763 2480 880 2535 certae
911 2461 1111 2538 sententiae

65 2566 362 2662 perspicuitatem
387 2565 597 2652 illustratis,
643 2565 724 2652 iure
761 2568 903 2662 optimo
929 2569 1021 2640 hauc
1045 2591 1110 2638 no·
1142 2613 1145 2622 ι

12 2699 13 2706 “
65 2666 120 2740 bis
155 2667 260 2764 regni
294 2665 460 2738 coelestis
497 2669 681 2738 notionem
715 2671 922 2742 universnm
956 2685 1019 2738 sut
1045 2670 1111 2740 de-

64 2773 293 2866 scriptionem
331 2792 536 2862 proponere
569 2768 750 2838 videmnr.
806 2763 1035 2862 significatur
1067 2791 1116 2840 ea.

63 2867 229 2948 formula
251 2895 272 2942 s
297 2885 420 2938 mente
446 2875 527 2942 Iesu
555 2859 720 2956 Christi,¹
739 2863 1028 2946 constantissime
1053 2895 1109 2972 ra·

62 2997 179 3070 gnum
205 2971 448 3060 Messiunum,
473 2969 576 3040 cuius
603 2987 809 3062 pervetusta
835 2971 930 3042 inter
956 2971 1107 3044 ludaeos

62 3072 296 3171 exspectatio,
323 3073 447 3166 ardens
474 3063 694 3142 desiderium
721 3071 803 3144 fuit.
845 3071 933 3144 Erus
949 3091 1109 3146 instituti

62 3175 270 3276 principem
295 3198 345 3261 se,
373 3197 504 3244 verum
531 3168 722 3262 Messinm,
750 3171 870 3246 divina
894 3172 1109 3262 auctoritate

62 3299 100 3354 et
126 3277 264 3366 hebuit,
292 3293 339 3364 et,
365 3300 432 3371 pro
458 3292 668 3370 temporum
694 3294 803 3374 atque
828 3272 1036 3348 auditorum
1056 3300 1110 3348 re·

61 3381 237 3468 tionibus,
263 3405 337 3452 non
354 3369 533 3472 sapienter
551 3378 666 3476 magis
687 3379 965 3483 prudenterque,
997 3401 1110 3472 quam

62 3483 223 3578 ingenue
246 3480 351 3552 dictis
378 3479 554 3576 factisque
580 3479 785 3551 declaravit.
855 3483 955 3574 Quae¹
981 3477 1027 3550 de
1052 3474 1111 3550 in·

64 3587 152 3670 dole
176 3584 299 3678 regni,
346 3577 478 3652 divinis
512 3575 677 3674 auspiciis
702 3573 930 3668 stabiliendi,
982 3577 1108 3672 edixit,
1176 3566 1181 3586 Ι

65 3712 105 3760 ee
139 3685 185 3758 eb
212 3675 486 3778 exspectatione
520 3698 558 3752 et
583 3675 688 3776 vulgi
717 3699 753 3752 et
779 3683 972 3756 doctorum
996 3703 1109 3754 reces-
1227 3721 1229 3726 v

64 3789 151 3860 sisse
175 3788 357 3858 videntur.
409 3781 542 3878 Ampla
564 3773 638 3852 fuit
659 3777 842 3854 institutio
864 3808 931 3878 per
957 3781 1107 3878 parabo·
1166 3791 1172 3801 '
1209 3800 1225 3856 ,’

63 3891 137 3982 las,
163 3891 208 3961 ed
232 3878 391 3984 plebem,
417 3887 462 3958 ad
487 3886 651 3958 doctores
671 3879 917 3974 insidiatores,
945 3885 990 3956 ad
1012 3886 1107 3987 interf
1189 3899 1193 3904 '
1218 3899 1224 3908 ⁴

64 3992 178 4066 riores
205 3989 420 4084 discipulos,
445 4011 521 4084 quo
553 4003 590 4056 et
624 3989 877 4082 praestantiam
906 3983 1108 4059 Messianae

12 4161 13 4166 ,
65 4095 275 4190 disciplinae
298 4114 385 4187 prae
408 4089 514 4162 bonis
536 4085 632 4160 vitae
654 4085 843 4162 carissimis
866 4083 1107 4175 adumbravit,

65 4212 103 4268 et
115 4197 161 4270 de
177 4193 307 4269 officiis
315 4194 582 4266 Messianomm
600 4186 737 4264 civium
753 4188 856 4278 dixit,
877 4207 914 4260 et
927 4189 1118 4286 ambitum.

848 4301 896 4396 2⁹
