2576 4994
322 405 441 430 ιιι-
485 331 565 457 ’047
619 403 741 424 nnn-

16 531 159 630 plicium
203 531 373 608 ditinum
412 558 536 632 passos
580 533 630 607 oh
662 531 844 630 insignem
877 533 1054 610 vitiosita·
1141 615 1144 624 ,

16 657 89 708 tem.
143 641 231 708 Imo
256 662 370 733 aeque
394 633 538 710 funesta
565 629 735 732 ohtiriget
767 661 843 709 sors
870 629 1053 732 (interitus

16 766 65 810 ner
86 741 234 813 civilem
258 739 507 834 potestatem?
531 764 607 810 uon
628 739 724 810 dixit
747 739 936 836 perspicue
952 736 1053 810 Chri·

16 857 93 930 ttus,
134 842 219 914 noli
242 843 357 938 igitur
380 841 419 913 iu
443 839 716 938 interpretando
741 841 837 912 ultra
864 839 1052 912 Christum
1110 904 1113 915 ,
1236 881 1240 900 ·

16 937 140 1038 rapere!
204 944 386 1039 Propheta
409 943 621 1040 prophetice
649 937 853 1039 loquiturl)
883 941 1065 1042 adstanti·¹

16 1069 84 1132 rus,
123 1041 192 1143 qui
225 1046 399 1141 exemplo
435 1031 522 1117 shut
553 1043 789 1148 popularium
820 1044 1051 1141 reliquorum

16 1146 186 1234 amnium,
231 1134 306 1219 nisi
334 1147 379 1218 ad
410 1145 545 1220 bonam
573 1147 721 1242 frugem
754 1147 873 1218 redire
906 1144 1049 1242 paratis.

16 1253 90 1336 ¹Una
123 1248 298 1321 omniurn
334 1251 440 1344 culpa
475 1251 557 1344 est.)
628 1255 707 1320 Nec
742 1249 882 1320 maiore
922 1248 1050 1320 ceteris

16 1349 350 1443 hierosolymitanis
382 1349 580 1424 vitiositate
616 1349 751 1439 notati,
793 1375 886 1448 quos
922 1349 1052 1422 morti·
1137 1418 1143 1434 ,

16 1447 80 1522 iero
109 1453 218 1548 lapsu
252 1451 363 1528 turris
396 1454 441 1524 ad
478 1477 610 1549 aquarn
643 1453 829 1526 Siluanum
868 1475 987 1548 nuper
1013 1451 1049 1538 *)

16 1553 189 1648 oppressit.
249 1555 389 1628 Eadem
418 1553 569 1652 reliquis
605 1554 778 1626 imminet
812 1553 937 1643 ruina,
977 1551 1064 1626 nisi'

16 1671 160 1728 nentem
200 1655 259 1726 iu'
282 1657 416 1730 melius
457 1658 637 1729 mutando
677 1655 907 1755 resipuerint.
969 1651 1048 1728 Iam

16 1753 204 1830 tdiunxi‘sse
235 1757 394 1830 traditur
417 1758 628 1858 parabolam
650 1756 710 1848 ⁹).
756 1757 906 1853 ¹(Verba
938 1751 1064 1855 plura'¹

16 1875 62 1926 rut
84 1871 158 1930 noh
183 1858 402 1956 interposita
428 1859 552 1949 hiere,
592 1876 658 1948 aut
678 1859 838 1956 periere:
877 1859 907 1932 si
933 1859 1045 1955 prius,

16 1959 201 2033 similitudo
236 1962 315 2060 ipsa
349 1962 520 2034 adiuncta
550 1962 711 2034 illustrat
751 1963 941 2034 lenitatem
973 1959 1046 2048 Dei

16 2082 80 2152 arga
106 2065 303 2161 populares
325 2063 576 2161 inculcatque,
614 2063 775 2160 spatium
799 2062 1047 2162 poenitentiae

16 2166 153 2258 rgendae
173 2191 251 2237 non
273 2164 450 2254 definisse,
475 2167 507 2237 si
530 2166 728 2263 posterius,
748 2163 955 2262 supplebis:
978 2188 1048 2236 nec

16 2263 148 2360 lenegat
190 2265 299 2340 vobis
341 2263 443 2340 D'eus
480 2266 527 2339 ad
567 2267 852 2364 resipiscentiam
890 2290 1043 2354 moram,

16 2357 185 2462 ὡμοιώθη
211 2366 293 2476 γάρ
319 2363 342 2464 ἡ
367 2365 407 2462 β.
429 2387 467 2448 τ’.
489 2391 526 2446 o.
552 2367 675 2468 συκῆ,
711 2359 863 2468 alarixa
887 2386 955 2444 cet.
980 2367 1063 2444 vel‘

16 2463 114 2539 simile
144 2470 264 2568 quid.)
681 2503 693 2548 ·,
812 2561 815 2568 .

74 2573 113 2642 ln
137 2597 208 2668 qua
224 2591 350 2648 tamen
373 2571 556 2647 reddenda
572 2599 663 2670 prae
682 2575 810 2648 ceteris
828 2575 1041 2664 cavendum,

16 2674 312 2747 annullationem
350 2675 447 2747 ultra
487 2668 643 2748 modum
682 2673 931 2749 extendamus.
998 2680 1042 2748 Iu

16 2767 102 2843 tinea
128 2775 238 2862 (terra
265 2776 476 2864 israelitica)
510 2777 593 2874 quis
622 2779 752 2868 (Deus)
784 2775 914 2874 habuit
940 2775 1041 2873 plau·

16 2886 107 2945 taram
131 2876 242 2950 ficum
267 2877 465 2974 (populum
479 2879 694 2967 Iudaicum),
720 2874 857 2976 diuque
882 2892 919 2950 et
935 2902 1041 2974 saepe

16 2976 179 3070 requisitas
194 2979 321 3077 fruges
336 3005 412 3052 non
434 2981 582 3078 reperit.
632 2979 738 3054 Dixit
759 2980 913 3054 vinitori
927 2980 1041 3073 (Chri-

16 3079 83 3164 uo):
107 3105 187 3151 ecce
212 3106 279 3178 per
306 3100 377 3154 tres
397 3107 510 3155 annos
533 3085 674 3179 (inepte
690 3081 853 3154 referunt
872 3086 916 3156 ad
933 3081 1042 3154 trien-

16 3175 99 3250 nium
126 3171 276 3272 Christi,
314 3184 414 3282 quod
446 3183 612 3258 internae
634 3185 780 3258 veritati
809 3183 1042 3282 ubertatique

16 3283 305 3373 narratiunculae,
342 3302 380 3358 et
404 3282 542 3359 ficuum
569 3303 737 3376 naturae,
769 3311 874 3382 saepe
899 3286 1041 3360 fructus
1140 3291 1151 3314 ⁸

16 3384 207 3475 negantium
230 3389 308 3475 diu,
334 3386 500 3461 debetur.
541 3395 631 3477 Nec,
656 3388 916 3461 sihiatoricunt
933 3414 1040 3462 even·

16 3491 80 3552 hun
104 3487 208 3559 anxie
231 3489 377 3587 quaeris
404 3513 491 3564 curu
515 3489 802 3588 antiquioribus,
828 3491 1038 3587 explanatio

16 3587 176 3678 convenit,
200 3615 287 3664 atam
312 3607 396 3688 post
416 3607 489 3664 tres
506 3618 527 3665 a
547 3597 631 3665 Iesu
655 3609 851 3666 transactos
873 3592 1038 3664 docendo
1133 3661 1137 3668 .

16 3699 109 3758 annos
133 3693 255 3785 Deus,
280 3717 303 3768 ι
325 3691 399 3792 piis
423 3711 560 3788 oratus,
584 3719 721 3796 poenas
743 3719 820 3769 uon
844 3693 885 3769 in
908 3717 1037 3779 uuum·

16 3847 202 3888 Ἢ
1053 3795 1060 3810 ,

29 3959 140 4037 *lNee
158 3969 201 4035 de
219 3969 285 4038 hue
303 3993 381 4038 casu
399 3986 570 4055 emortum
589 3949 749 4038 Historiae
765 3973 930 4037 Iudaicas.

30 4047 74 4134 ”l
91 4057 275 4196 &promtu
304 4067 512 4162 estvidereg·
535 4067 733 4165 persimilem
756 4083 791 4128 ar
813 4077 949 4200 umenqo
968 4081 1038 4199 e'b'ie

79 4151 144 4272 tu
157 4143 606 4302 attrectatus.
619 4143 826 4297 aaut·
843 4159 912 4222 ‘¹²¹⁰
958 4151 1040 4198 '²²
