2734 4998
345 1193 1094 1432 Pnanrarroflss'

86 1907 89 1914 ,
128 1783 291 1935 Quum
323 1809 492 1898 libellus
529 1841 556 1900 a
588 1845 661 1900 me
694 1835 797 1901 aute
828 1759 996 2012 alipuot
1016 1840 1164 1898 annos

126 1929 300 2011 emissus
314 1925 358 2036 ¹⁶)
378 1927 551 2040 publice
574 1933 869 2042 privatimque
924 1931 1078 2038 enigne
1095 1955 1166 2010 ex·

126 2061 274 2150 ceptus
314 2061 446 2146 esset,
501 2045 760 2156 saepiusque
797 2071 877 2154 ego
914 2041 1165 2125 admonitus

127 2153 324 2256 fuissem,
352 2171 407 2238 ut
428 2181 499 2257 ea,
529 2184 661 2268 quam
687 2155 902 2266 legissem,
927 2157 999 2238 via
1024 2183 1077 2237 ex
1100 2157 1166 2236 in·

126 2271 278 2352 stituto
298 2295 533 2380 pergerem,
564 2269 831 2354 obstiterunt
847 2273 1021 2353 interna
1037 2287 1079 2351 ot
1096 2297 1166 2350 ex·

23 2423 26 2430 ·
125 2398 243 2465 terna
265 2382 588 2494 impedimenta,
617 2413 729 2578 (puae
756 2413 978 2467 recensere
997 2379 1166 2491 singula

125 2495 226 2577 nihil
266 2499 442 2602 attinet,
497 2527 554 2581 ne
587 2517 632 2582 te
650 2525 720 2580 am
752 2497 1005 2582 inchoatam
1037 2499 1164 2580 citius
1303 2488 1314 2502 ⁸

124 2629 402 2724 pertexerem.

202 2731 243 2808 A
272 2751 361 2834 quo
387 2741 590 2838 tempore
616 2723 671 2808 ad
686 2726 1009 2842 Scripturarum
1030 2749 1165 2806 sacra·

125 2863 215 2920 rum
229 2839 641 2950 interpretationem
659 2857 756 2923 toto
768 2841 913 2922 animo
929 2866 1000 2920 me
1013 2854 1167 2918 contu·

124 2945 163 3050 li,
176 2949 383 3052 intellexi,
400 2953 497 3036 Iesu
515 2951 569 3034 de
589 2981 723 3063 regno
740 2952 961 3036 coelorum
974 2949 1166 3064 disputa·

126 3065 242 3148 tione
261 3093 403 3147 arcem
422 3065 669 3176 theologiae
679 3063 954 3176 Evangelicae
966 3063 1167 3173 (strictis-

127 3179 228 3261 simo
254 3183 404 3284 sensu)
419 3182 654 3272 eontineri.
684 3179 769 3266 Sed
786 3181 906 3262 lectis
923 3177 1167 3262 multorum

128 3311 168 3374 et
183 3294 481 3402 antiquiorum
497 3297 878 3404 recentiorumque
896 3296 1085 3406 scriptis,
1118 3292 1167 3370 in

126 3401 164 3484 h.
185 3405 443 3516 argumento
469 3406 755 3513 versantibus,
786 3435 929 3518 neque
957 3421 1079 3486 notar
1103 3401 1164 3512 di·

128 3521 298 3602 stinctae
326 3539 459 3630 atque
476 3521 747 3634 perspicuas,
774 3549 855 3602 nec
874 3514 1167 3632 partiumloci

128 3653 271 3742 aptam
298 3651 343 3714 et
369 3661 393 3714 a
419 3637 481 3716 rei
513 3654 671 3716 natura
708 3633 884 3718 ductam
914 3631 1167 3742 descriptio·

127 3771 225 3829 uem
247 3748 409 3827 inveni.
466 3745 575 3830 Inde
594 3751 637 3830 in
670 3751 811 3830 ausin
837 3743 1082 3830 definienda
1097 3773 1167 3825 no·

127 3855 233 3939 tione
257 3858 481 3945 diversitas
511 3881 557 3946 et
578 3777 849 3974 amiriguitas.
913 3862 1029 3972 Ergo
1064 3885 1166 3944 cum

130 4022 330 4048 —fl-u—

160 4108 195 4183 *>
211 4115 265 4174 De
282 4131 384 4190 regno
406 4111 527 4174 cantra·
552 4113 683 4178 Diral.
711 4113 798 4196 Lipa-
824 4109 893 4186 826.
911 4117 943 4183 8·
968 4109 1026 4190 qui
1051 4105 1163 4170 denuo

198 4187 257 4248 red
276 4187 467 4250 emendatur
486 4189 609 4270 prodit.
949 4197 953 4206 “
