2654 4988
403 415 540 475 -···-·,
576 390 653 472 us
699 413 826 442 -·······

96 553 254 652 genium,
278 525 564 648 pirfuudentem
589 546 732 622 animos
754 545 1006 639 familiarium,
1027 567 1141 627 totos·

96 680 165 752 que
191 647 434 726 imbuentem.
483 655 530 724 V.
559 671 616 738 13¹.
645 648 721 726 οὑκ
755 645 904 742 ἀφήσω
934 646 1036 746 ὑμᾶς
1071 649 1140 762 ὀρ-

95 753 261 854 φανούς·
288 750 463 858 ἔρχομαι
485 751 582 856 πρὸς
604 747 715 844 ὑμᾶς.
764 754 808 823 Id
829 753 877 824 ad
897 771 1053 850 tempus,
1080 783 1145 827 ex·

94 858 229 952 cipiens
255 853 578 943 resurrectionem,
610 871 653 924 ut
676 852 827 941 referas,
863 879 938 926 nou
966 857 1142 952 impetra·

93 959 168 1044 bis,
192 983 278 1032 nam
305 981 370 1052 per
396 981 532 1049 paucos
558 959 634 1030 dies
657 956 741 1028 orbi
757 958 875 1028 relicti
889 956 1013 1030 forent
1036 947 1141 1032 disii-

93 1063 192 1158 puli,
219 1077 274 1148 et,
301 1059 402 1156 quod
428 1082 482 1154 sq.
508 1083 546 1130 v.
572 1059 732 1154 respuit,
768 1061 850 1131 aliis
875 1059 1046 1144 testibus,
1074 1063 1143 1134 etsi

92 1163 345 1260 paucioribus,
372 1161 411 1232 in
435 1179 671 1256 conspectum
694 1161 797 1232 venit
821 1163 992 1234 Christus.
1019 1170 1151 1258 Y.19.,

94 1261 147 1340 ε’τι
173 1265 333 1370 μικρὸν,
360 1259 427 1344 καὶ
445 1257 467 1334 ὁ
492 1265 641 1354 κόσμος
660 1285 707 1354 με
722 1261 853 1336 σὺκέτι
868 1259 1021 1366 θεωρεῖ,
1039 1260 1142 1354 ὑμεῖς

94 1363 136 1440 δὲ
160 1361 348 1470 θεωρεῖτε
369 1387 436 1459 με·
458 1347 519 1436 ὅτι
540 1359 619 1462 ἐγὼ
645 1357 723 1451 dui,
748 1360 817 1438 καὶ
842 1357 944 1459 ὑμεῖς
961 1361 1142 1454 ζήσεσθε.
1176 1417 1179 1422 -

93 1470 298 1542 Posteriora
322 1491 383 1537 vv.
408 1465 482 1538 alio
509 1465 650 1536 ducunt
670 1484 845 1539 mentem.
894 1468 979 1538 Vita
1000 1487 1144 1542 aeterna

4 1659 5 1662 Ἴ
95 1587 150 1642 est
174 1573 235 1643 vel
263 1593 324 1658 ea,
351 1591 445 1663 quae
471 1569 610 1640 vivitur
635 1567 727 1639 duce
753 1584 791 1640 et
816 1561 959 1662 auspice
986 1571 1142 1646 Christo.

93 1678 137 1746 V.
167 1696 223 1744 σο.
253 1665 289 1745 ἐν
315 1667 432 1761 ἐκείνη
465 1667 514 1764 πή
543 1665 667 1776 ήμέρᾳ
697 1667 902 1768 γνώσεσθε
927 1665 1052 1761 ὑμεῖς,
1080 1671 1143 1746 ὅτι
1246 1750 1250 1759 ,

94 1767 170 1871 ἐγὼ
197 1770 234 1847 ἐν
260 1767 325 1871 rui
348 1770 472 1874 πατρί
494 1783 585 1862 μου,
613 1768 680 1846 κατ’
703 1768 806 1862 ὑμεῖς
835 1764 872 1846 ἓν
899 1767 997 1865 ἐμοὶ,
1026 1771 1142 1875 αρ’γώ

95 1867 129 1950 ἓν
158 1870 259 1965 ὑμῖν.
312 1878 346 1946 ls
373 1872 449 1944 dies
474 1889 547 1961 est,
574 1899 651 1969 quo
677 1899 780 1946 suam
807 1875 914 1969 plene
937 1874 1146 1946 manifestat

49 1967 51 1979 ’
93 1994 251 2048 sanctam
287 1999 482 2070 personam
512 1977 753 2072 pergenium
781 1976 943 2047 veritatis
968 1977 1145 2049 Christus.

93 2083 134 2150 ln
157 2078 385 2173 spiritalibus
410 2080 498 2148 haec
524 2077 676 2166 versari,
720 2096 757 2148 et
783 2077 985 2152 obscuritas
1007 2103 1145 2150 sermo·

93 2180 148 2250 nis
173 2199 213 2251 et
236 2178 456 2276 ambiguitas
481 2181 612 2275 prodet
637 2180 773 2274 peritis.
814 2185 860 2253 V,
885 2206 941 2252 ur.
981 2176 1004 2254 ὀ
1034 2177 1143 2274 ἔχων

62 2338 66 2346 ,
95 2281 163 2368 τὰς
184 2275 346 2369 ἐντολάς
370 2305 462 2372 μου,
489 2279 557 2357 κατ’
571 2281 702 2384 rapuit«
721 2279 855 2369 αὑτὰς,
882 2273 1019 2369 ἐκεῖνός
1041 2277 1144 2356 ἐστιν

96 2377 309 2483 ὑὰγαπιὺν
332 2403 399 2473 με’
433 2379 456 2454 ὑ
484 2378 527 2457 δὲ
552 2377 714 2480 ἁγαπιὺν
749 2405 814 2470 με,
851 2377 1144 2482 ἀγαπηθήσεται

95 2479 170 2558 ὑπὸ
199 2485 273 2557 τοῦ
296 2483 444 2588 πατρός
469 2504 570 2577 pou·
593 2484 658 2560 καὶ
684 2478 764 2583 ἐγὼ
788 2481 982 2583 ἀγαπήσω
1008 2484 1144 2574 αὑτὸν,

94 2587 160 2660 κατ’
195 2579 404 2680 ἐμφανίσω
438 2583 553 2684 αὐτῷ
583 2580 764 2678 ἐμαυτὸν.
826 2593 895 2658 Per
919 2611 1082 2658 amorem
1108 2603 1147 2658 et

60 2696 66 2708 “
92 2686 208 2770 fidem
231 2689 324 2760 mibi
348 2689 513 2776 iunctus,
553 2713 614 2758 me
639 2687 801 2777 videbit,
835 2690 902 2760 ubi
926 2691 1019 2760 nibil
1044 2689 1147 2761 videt

94 2793 273 2877 mundus,
301 2807 384 2888 post
408 2792 567 2862 reditum
587 2791 628 2860 in
653 2792 787 2876 coelos,
814 2791 927 2862 animi
949 2793 1074 2862 oculis.
1100 2798 1146 2872 V,
1258 2881 1260 2888 y

97 2913 155 2977 ατ.
182 2887 247 2982 ἑήν
272 2913 328 2979 τις
363 2886 501 2993 ἀγαπᾷ
533 2915 598 2982 με,
623 2890 691 2964 τὸν
720 2891 837 2990 λόγον
871 2917 950 2984 μου
971 2889 1146 2992 τηρήσει·

43 3072 44 3076 ,
94 2993 160 3068 καὶ
184 2993 211 3067 ὑ
238 2993 365 3097 πατήρ
392 3018 470 3080 μου
495 2988 681 3090 ἀγαπήσει
707 2993 851 3082 αὑτὸν,
877 2989 945 3068 καὶ
962 2997 1058 3101 πρὸς
1075 2993 1148 3069 αὑ·

96 3095 164 3169 τὸν
188 3091 454 3188 ἐλευσόμεθα,
490 3092 557 3170 καὶ
580 3093 695 3188 μονήν
725 3095 814 3200 παρ’
847 3095 964 3196 αὑτῷ
986 3091 1149 3184 ποιήσα-

95 3219 173 3290 μει.
227 3205 327 3272 Bene
352 3197 405 3294 ,de
439 3197 494 3269 his
527 3191 651 3268 reseris
684 3197 860 3293 interpres
899 3199 1148 3293 „praesentius

95 3302 221 3372 aderat
244 3299 391 3386 absens,
416 3325 528 3395 quam
553 3297 721 3372 adfuerat
735 3309 938 3396 praesens.“
976 3301 1048 3397 Qui
1063 3298 1148 3372 sub·

4 3433 6 3444 ¹
95 3401 251 3473 duxerat
276 3427 314 3474 se
338 3401 482 3496 ingrato
507 3402 670 3490 mundo,
712 3427 788 3474 non
814 3402 966 3498 reliquit
991 3402 1149 3498 discipu·

94 3501 151 3574 los
160 3531 171 3586 ς
195 3503 338 3600 aparuit
364 3497 478 3591 vitae,
509 3505 664 3597 gloriae,
692 3505 826 3576 amoris
851 3505 928 3576 vim
952 3506 991 3578 in
1017 3529 1148 3576 eorum

95 3605 248 3692 animis,
289 3604 423 3702 quibus
456 3624 639 3678 certamen
665 3595 750 3677 cuin
772 3607 915 3706 κόσμῳ
943 3605 1147 3702 ingruebat,

95 3745 149 3766 -
177 3708 355 3780 Similiter
378 3707 515 3801 expedi
538 3733 573 3780 v.
603 3727 661 3794 αθ.
692 3703 836 3807 ὑπάγω
869 3705 936 3782 καὶ
971 3705 1147 3810 ἔρχομαι

97 3809 195 3914 πρὸς
219 3805 329 3899 ὑμᾶς.
360 3811 418 3894 ι6,
447 3815 504 3882 ι6.
529 3810 688 3913 μικρὸν,
715 3805 782 3884 καὶ
803 3810 855 3886 οὑ
875 3807 1063 3916 θεωρεῖτέ
1080 3831 1146 3902 με·

95 3909 164 3982 καὶ
188 3909 300 3982 πάλιν
328 3910 485 4014 μικρὸν,
520 3907 593 3994 ,κατ’
621 3908 781 4006 ὄψεσθέ
805 3937 874 4006 με,
909 3911 970 3985 ὅτι
1003 3907 1147 4010 ὑπάγω
1213 3976 1216 3984 .

97 4011 196 4116 πρὸς
222 4011 291 4084 τὸν
315 4007 478 4118 πατέρα.
512 4011 556 4082 cl.
582 4037 619 4086 v.
651 4037 694 4106 ιγ
719 4053 768 4069 -
796 4041 852 4108 ¹9·
879 4029 917 4088 et
941 4039 974 4088 v.
1000 4039 1056 4086 uu.
1090 4033 1146 4097 απ.

93 4109 165 4184 καὶ
199 4107 302 4208 ὑμεῖς
338 4105 407 4186 οὑν
435 4111 556 4206 loru
589 4109 655 4210 μὲν
677 4113 755 4190 ,νῦν
787 4115 922 4212 ἔχετε·
959 4114 1071 4188 πάλιν
1105 4113 1150 4186 δι’

99 4209 261 4306 ὄψομαι
292 4207 416 4310 ὑμᾶς,
450 4213 518 4294 καὶ
547 4212 770 4324 χαρήσεται
793 4213 905 4318 ὑμαῖν
936 4213 957 4312 ή
987 4214 1148 4324 καρδία,
