<?xml version="1.0" encoding="UTF-8"?>
<!DOCTYPE html PUBLIC "-//W3C//DTD XHTML 1.0 Transitional//EN"
    "http://www.w3.org/TR/xhtml1/DTD/xhtml1-transitional.dtd">
<html xmlns="http://www.w3.org/1999/xhtml" xml:lang="en" lang="en">
 <head>
  <title>
</title>
<meta http-equiv="Content-Type" content="text/html;charset=utf-8" />
  <meta name='ocr-system' content='tesseract 3.04.00' />
  <meta name='ocr-capabilities' content='ocr_page ocr_carea ocr_par ocr_line ocrx_word'/>
</head>
<body>
  <div class='ocr_page' id='page_1' title='image "./deregnodivinoli00flecgoog/deregnodivinoli00flecgoog_0499.png"; bbox 0 0 2654 4988; ppageno 0'>
   <div class='ocr_carea' id='block_1_1' title="bbox 470 379 881 470">
    <p class='ocr_par' dir='ltr' id='par_1_1' title="bbox 470 363 881 470">
     <span class='ocr_line' id='line_1_1' title="bbox 470 379 881 470; baseline -0.01 1"><span class='ocrx_word' id='word_1_1' title='bbox 470 379 881 470; x_wconf 51' lang='lat'><strong>*47⁶*-</strong></span> 
     </span>
    </p>
   </div>
   <div class='ocr_carea' id='block_1_2' title="bbox 65 536 1307 3811">
    <p class='ocr_par' dir='ltr' id='par_1_2' title="bbox 88 536 1307 2688">
     <span class='ocr_line' id='line_1_2' title="bbox 150 536 1202 668; baseline 0.011 -56"><span class='ocrx_word' id='word_1_2' title='bbox 150 540 220 622; x_wconf 71' lang='grc' dir='ltr'><strong>καὶ</strong></span> <span class='ocrx_word' id='word_1_3' title='bbox 255 540 321 637; x_wconf 71' lang='grc' dir='ltr'><strong>τῆν</strong></span> <span class='ocrx_word' id='word_1_4' title='bbox 346 537 488 668; x_wconf 59' lang='grc' dir='ltr'><strong><em>χαρὰν</em></strong></span> <span class='ocrx_word' id='word_1_5' title='bbox 526 537 638 636; x_wconf 69' lang='grc' dir='ltr'><strong>ὑμῶν</strong></span> <span class='ocrx_word' id='word_1_6' title='bbox 673 536 800 630; x_wconf 76' lang='grc' dir='ltr'><em>οὐδεὶς</em></span> <span class='ocrx_word' id='word_1_7' title='bbox 831 540 930 652; x_wconf 74' lang='grc' dir='ltr'><strong><em>αἴρει</em></strong></span> <span class='ocrx_word' id='word_1_8' title='bbox 964 541 1038 644; x_wconf 72' lang='grc' dir='ltr'><strong>ἀφ’</strong></span> <span class='ocrx_word' id='word_1_9' title='bbox 1070 542 1202 640; x_wconf 69' lang='grc' dir='ltr'><strong><em>ὑμῶν·</em></strong></span> 
     </span>
     <span class='ocr_line' id='line_1_3' title="bbox 150 638 1203 756; baseline 0.006 -34"><span class='ocrx_word' id='word_1_10' title='bbox 150 643 222 734; x_wconf 67' lang='grc' dir='ltr'><strong>καὶ,</strong></span> <span class='ocrx_word' id='word_1_11' title='bbox 256 639 294 720; x_wconf 82' lang='grc' dir='ltr'><strong>ἐν</strong></span> <span class='ocrx_word' id='word_1_12' title='bbox 342 646 459 744; x_wconf 73' lang='grc' dir='ltr'><strong><em>εκείνη</em></strong></span> <span class='ocrx_word' id='word_1_13' title='bbox 501 643 552 744; x_wconf 73' lang='grc' dir='ltr'><strong>τῆ</strong></span> <span class='ocrx_word' id='word_1_14' title='bbox 589 639 715 752; x_wconf 72' lang='grc' dir='ltr'><em>ἡμέρᾳ</em></span> <span class='ocrx_word' id='word_1_15' title='bbox 755 638 823 746; x_wconf 79' lang='grc' dir='ltr'><strong>ἐμὲ</strong></span> <span class='ocrx_word' id='word_1_16' title='bbox 862 645 939 738; x_wconf 76' lang='lat' dir='ltr'><strong>oda</strong></span> <span class='ocrx_word' id='word_1_17' title='bbox 983 643 1203 756; x_wconf 72' lang='grc' dir='ltr'>ἐρωτήσετε</span> 
     </span>
     <span class='ocr_line' id='line_1_4' title="bbox 151 745 887 840; baseline -0.001 -17"><span class='ocrx_word' id='word_1_18' title='bbox 151 745 277 824; x_wconf 71' lang='grc' dir='ltr'><strong><em>οὐδέν.</em></strong></span> <span class='ocrx_word' id='word_1_19' title='bbox 299 746 334 840; x_wconf 84' lang='grc'><strong>*)</strong></span> <span class='ocrx_word' id='word_1_20' title='bbox 884 807 887 814; x_wconf 87' lang='grc'><em>.</em></span> 
     </span>
     <span class='ocr_line' id='line_1_5' title="bbox 228 849 1307 951; baseline -0.002 -27"><span class='ocrx_word' id='word_1_21' title='bbox 228 859 345 924; x_wconf 88' lang='lat' dir='ltr'><strong>Amor</strong></span> <span class='ocrx_word' id='word_1_22' title='bbox 368 874 451 948; x_wconf 80' lang='lat' dir='ltr'><strong>erga</strong></span> <span class='ocrx_word' id='word_1_23' title='bbox 477 849 674 923; x_wconf 79' lang='lat' dir='ltr'><strong>familiares</strong></span> <span class='ocrx_word' id='word_1_24' title='bbox 698 849 939 941; x_wconf 89' lang='lat' dir='ltr'><strong>tenerrimus,</strong></span> <span class='ocrx_word' id='word_1_25' title='bbox 984 853 1115 951; x_wconf 86' lang='lat' dir='ltr'><strong>quiin</strong></span> <span class='ocrx_word' id='word_1_26' title='bbox 1139 881 1205 928; x_wconf 84' lang='lat' dir='ltr'><strong>va·</strong></span> <span class='ocrx_word' id='word_1_27' title='bbox 1303 911 1307 922; x_wconf 92' lang='lat'><strong>.</strong></span> 
     </span>
     <span class='ocr_line' id='line_1_6' title="bbox 148 951 1202 1051; baseline 0.007 -26"><span class='ocrx_word' id='word_1_28' title='bbox 148 951 340 1026; x_wconf 85' lang='lat' dir='ltr'><strong>ledicentis</strong></span> <span class='ocrx_word' id='word_1_29' title='bbox 376 953 510 1026; x_wconf 82' lang='lat' dir='ltr'>Christi</span> <span class='ocrx_word' id='word_1_30' title='bbox 547 953 776 1025; x_wconf 72' lang='lat' dir='ltr'><strong>sermonibus</strong></span> <span class='ocrx_word' id='word_1_31' title='bbox 814 955 944 1051; x_wconf 82' lang='lat' dir='ltr'><strong>spirat,</strong></span> <span class='ocrx_word' id='word_1_32' title='bbox 990 979 1121 1028; x_wconf 84' lang='lat' dir='ltr'><strong>vereor</strong></span> <span class='ocrx_word' id='word_1_33' title='bbox 1151 984 1202 1032; x_wconf 86' lang='lat' dir='ltr'><strong>ne</strong></span> 
     </span>
     <span class='ocr_line' id='line_1_7' title="bbox 148 1054 1202 1150; baseline 0.009 -26"><span class='ocrx_word' id='word_1_34' title='bbox 148 1055 472 1150; x_wconf 86' lang='lat' dir='ltr'><strong>particularisticos</strong></span> <span class='ocrx_word' id='word_1_35' title='bbox 506 1054 670 1148; x_wconf 85' lang='lat' dir='ltr'><strong>(barbare</strong></span> <span class='ocrx_word' id='word_1_36' title='bbox 704 1057 836 1144; x_wconf 87' lang='lat' dir='ltr'><strong>dicam)</strong></span> <span class='ocrx_word' id='word_1_37' title='bbox 876 1057 1015 1130; x_wconf 84' lang='lat' dir='ltr'><strong>colores</strong></span> <span class='ocrx_word' id='word_1_38' title='bbox 1048 1059 1202 1132; x_wconf 73' lang='lat' dir='ltr'><strong>traxisse</strong></span> 
     </span>
     <span class='ocr_line' id='line_1_8' title="bbox 148 1149 1202 1262; baseline 0.008 -36"><span class='ocrx_word' id='word_1_39' title='bbox 148 1181 223 1227; x_wconf 85' lang='lat' dir='ltr'><strong>non</strong></span> <span class='ocrx_word' id='word_1_40' title='bbox 249 1159 389 1228; x_wconf 88' lang='lat' dir='ltr'><strong>nemini</strong></span> <span class='ocrx_word' id='word_1_41' title='bbox 411 1159 588 1231; x_wconf 87' lang='lat' dir='ltr'><strong>videatur.</strong></span> <span class='ocrx_word' id='word_1_42' title='bbox 639 1157 760 1230; x_wconf 85' lang='lat' dir='ltr'>Amici</span> <span class='ocrx_word' id='word_1_43' title='bbox 776 1162 859 1230; x_wconf 90' lang='lat' dir='ltr'><strong>Iesu</strong></span> <span class='ocrx_word' id='word_1_44' title='bbox 874 1149 1119 1255; x_wconf 86' lang='lat' dir='ltr'><strong>¹opponuntur</strong></span> <span class='ocrx_word' id='word_1_45' title='bbox 1134 1157 1202 1262; x_wconf 68' lang='grc' dir='ltr'><strong>τῷ</strong></span> 
     </span>
     <span class='ocr_line' id='line_1_9' title="bbox 88 1255 1201 1364; baseline 0.001 -31"><span class='ocrx_word' id='word_1_46' title='bbox 88 1313 90 1320; x_wconf 87' lang='grc'>-</span> <span class='ocrx_word' id='word_1_47' title='bbox 147 1259 310 1356; x_wconf 81' lang='grc' dir='ltr'><strong><em>κόσμῳ,</em></strong></span> <span class='ocrx_word' id='word_1_48' title='bbox 337 1259 450 1332; x_wconf 86' lang='lat' dir='ltr'><strong>instar</strong></span> <span class='ocrx_word' id='word_1_49' title='bbox 475 1255 618 1364; x_wconf 78' lang='grc' dir='ltr'><strong><em>μικροῦ</em></strong></span> <span class='ocrx_word' id='word_1_50' title='bbox 642 1261 821 1352; x_wconf 85' lang='grc' dir='ltr'><strong>κόσμου,</strong></span> <span class='ocrx_word' id='word_1_51' title='bbox 857 1258 952 1332; x_wconf 88' lang='lat' dir='ltr'><strong>intra</strong></span> <span class='ocrx_word' id='word_1_52' title='bbox 977 1287 1089 1357; x_wconf 83' lang='lat' dir='ltr'><strong>quem</strong></span> <span class='ocrx_word' id='word_1_53' title='bbox 1109 1263 1201 1334; x_wconf 87' lang='lat' dir='ltr'><strong>cari·</strong></span> 
     </span>
     <span class='ocr_line' id='line_1_10' title="bbox 132 1358 1201 1455; baseline 0.007 -26"><span class='ocrx_word' id='word_1_54' title='bbox 132 1358 220 1451; x_wconf 69' lang='lat' dir='ltr'><strong>tas,</strong></span> <span class='ocrx_word' id='word_1_55' title='bbox 261 1362 409 1455; x_wconf 89' lang='lat' dir='ltr'><strong>spiritus</strong></span> <span class='ocrx_word' id='word_1_56' title='bbox 435 1362 601 1449; x_wconf 85' lang='lat' dir='ltr'><strong>divinus,</strong></span> <span class='ocrx_word' id='word_1_57' title='bbox 643 1384 730 1434; x_wconf 83' lang='lat' dir='ltr'><strong>vera</strong></span> <span class='ocrx_word' id='word_1_58' title='bbox 756 1378 794 1432; x_wconf 88' lang='lat' dir='ltr'><strong>et</strong></span> <span class='ocrx_word' id='word_1_59' title='bbox 821 1358 923 1434; x_wconf 85' lang='lat' dir='ltr'><strong>beata</strong></span> <span class='ocrx_word' id='word_1_60' title='bbox 948 1364 1023 1436; x_wconf 83' lang='lat' dir='ltr'><strong>vita</strong></span> <span class='ocrx_word' id='word_1_61' title='bbox 1050 1389 1201 1436; x_wconf 86' lang='lat' dir='ltr'><strong>servan·</strong></span> 
     </span>
     <span class='ocr_line' id='line_1_11' title="bbox 146 1463 1207 1562; baseline 0.008 -32"><span class='ocrx_word' id='word_1_62' title='bbox 146 1477 222 1550; x_wconf 76' lang='lat' dir='ltr'><strong>tur,</strong></span> <span class='ocrx_word' id='word_1_63' title='bbox 245 1465 409 1556; x_wconf 84' lang='lat' dir='ltr'><strong>Domino</strong></span> <span class='ocrx_word' id='word_1_64' title='bbox 434 1481 620 1562; x_wconf 78' lang='lat' dir='ltr'>praesente</span> <span class='ocrx_word' id='word_1_65' title='bbox 636 1463 726 1551; x_wconf 88' lang='lat' dir='ltr'><strong>suis,</strong></span> <span class='ocrx_word' id='word_1_66' title='bbox 752 1464 895 1535; x_wconf 86' lang='lat' dir='ltr'><strong>etiamsi</strong></span> <span class='ocrx_word' id='word_1_67' title='bbox 918 1466 1081 1560; x_wconf 87' lang='lat' dir='ltr'><strong>corporis</strong></span> <span class='ocrx_word' id='word_1_68' title='bbox 1096 1465 1207 1538; x_wconf 85' lang='lat' dir='ltr'><strong>oculi&#39;</strong></span> 
     </span>
     <span class='ocr_line' id='line_1_12' title="bbox 104 1567 1198 1662; baseline 0.006 -28"><span class='ocrx_word' id='word_1_69' title='bbox 104 1585 108 1596; x_wconf 92' lang='grc'><strong><em>·</em></strong></span> <span class='ocrx_word' id='word_1_70' title='bbox 145 1589 285 1636; x_wconf 85' lang='lat' dir='ltr'><strong>numen</strong></span> <span class='ocrx_word' id='word_1_71' title='bbox 312 1567 391 1637; x_wconf 89' lang='lat' dir='ltr'><strong>eius</strong></span> <span class='ocrx_word' id='word_1_72' title='bbox 416 1591 492 1638; x_wconf 91' lang='lat' dir='ltr'><strong>non</strong></span> <span class='ocrx_word' id='word_1_73' title='bbox 519 1567 772 1662; x_wconf 86' lang='lat' dir='ltr'><strong>adsequantur.</strong></span> <span class='ocrx_word' id='word_1_74' title='bbox 821 1570 923 1646; x_wconf 83' lang='lat' dir='ltr'><strong>Itane</strong></span> <span class='ocrx_word' id='word_1_75' title='bbox 947 1571 1198 1660; x_wconf 83' lang='lat' dir='ltr'><strong>Separatismo</strong></span> 
     </span>
     <span class='ocr_line' id='line_1_13' title="bbox 145 1665 1197 1765; baseline 0.005 -28"><span class='ocrx_word' id='word_1_76' title='bbox 145 1665 340 1740; x_wconf 79' lang='lat' dir='ltr'><strong>christiano</strong></span> <span class='ocrx_word' id='word_1_77' title='bbox 368 1669 536 1765; x_wconf 87' lang='lat' dir='ltr'><strong>proxima</strong></span> <span class='ocrx_word' id='word_1_78' title='bbox 560 1685 615 1740; x_wconf 87' lang='lat' dir='ltr'><strong>est</strong></span> <span class='ocrx_word' id='word_1_79' title='bbox 644 1669 679 1738; x_wconf 92' lang='lat' dir='ltr'><strong>h.</strong></span> <span class='ocrx_word' id='word_1_80' title='bbox 706 1665 964 1740; x_wconf 73' lang='lat' dir='ltr'><strong>necessitudo?</strong></span> <span class='ocrx_word' id='word_1_81' title='bbox 986 1707 1039 1725; x_wconf 89' lang='lat'><em>-</em></span> <span class='ocrx_word' id='word_1_82' title='bbox 1065 1669 1197 1742; x_wconf 83' lang='lat' dir='ltr'><strong>Obiter</strong></span> 
     </span>
     <span class='ocr_line' id='line_1_14' title="bbox 144 1769 1196 1867; baseline 0.005 -29"><span class='ocrx_word' id='word_1_83' title='bbox 144 1773 412 1866; x_wconf 82' lang='lat' dir='ltr'><strong>contemplatus</strong></span> <span class='ocrx_word' id='word_1_84' title='bbox 435 1789 472 1842; x_wconf 85' lang='lat' dir='ltr'><strong>et</strong></span> <span class='ocrx_word' id='word_1_85' title='bbox 497 1795 544 1842; x_wconf 83' lang='lat' dir='ltr'><strong>ex</strong></span> <span class='ocrx_word' id='word_1_86' title='bbox 569 1787 670 1865; x_wconf 87' lang='lat' dir='ltr'><strong>parte</strong></span> <span class='ocrx_word' id='word_1_87' title='bbox 688 1774 880 1842; x_wconf 74' lang='lat' dir='ltr'><strong>Ioannea&#39;tn</strong></span> <span class='ocrx_word' id='word_1_88' title='bbox 899 1769 1196 1867; x_wconf 80' lang='lat' dir='ltr'><strong>descriptionem,</strong></span> 
     </span>
     <span class='ocr_line' id='line_1_15' title="bbox 142 1871 1197 1970; baseline 0.005 -30"><span class='ocrx_word' id='word_1_89' title='bbox 142 1873 261 1964; x_wconf 88' lang='lat' dir='ltr'><strong>specie</strong></span> <span class='ocrx_word' id='word_1_90' title='bbox 287 1874 366 1944; x_wconf 87' lang='lat' dir='ltr'><strong>veri</strong></span> <span class='ocrx_word' id='word_1_91' title='bbox 390 1872 500 1948; x_wconf 88' lang='lat' dir='ltr'><strong>dices.</strong></span> <span class='ocrx_word' id='word_1_92' title='bbox 551 1878 694 1970; x_wconf 82' lang='lat' dir='ltr'><strong>Pugnat</strong></span> <span class='ocrx_word' id='word_1_93' title='bbox 724 1871 902 1944; x_wconf 85' lang='lat' dir='ltr'><strong>sententia</strong></span> <span class='ocrx_word' id='word_1_94' title='bbox 927 1895 1013 1942; x_wconf 88' lang='lat' dir='ltr'><strong>cum</strong></span> <span class='ocrx_word' id='word_1_95' title='bbox 1039 1897 1197 1946; x_wconf 85' lang='lat' dir='ltr'><strong>munere</strong></span> 
     </span>
     <span class='ocr_line' id='line_1_16' title="bbox 144 1965 1260 2072; baseline 0.004 -28"><span class='ocrx_word' id='word_1_96' title='bbox 144 1970 343 2070; x_wconf 81' lang='lat' dir='ltr'><strong>officioque</strong></span> <span class='ocrx_word' id='word_1_97' title='bbox 376 1977 637 2072; x_wconf 85' lang='lat' dir='ltr'><strong>apostolorum.</strong></span> <span class='ocrx_word' id='word_1_98' title='bbox 704 1976 908 2046; x_wconf 87' lang='lat' dir='ltr'><strong>Mittuntur</strong></span> <span class='ocrx_word' id='word_1_99' title='bbox 948 1973 988 2046; x_wconf 87' lang='lat' dir='ltr'><strong>in</strong></span> <span class='ocrx_word' id='word_1_100' title='bbox 1028 1977 1195 2066; x_wconf 82' lang='grc' dir='ltr'><strong><em>κόσμον,</em></strong></span> <span class='ocrx_word' id='word_1_101' title='bbox 1255 1965 1260 1978; x_wconf 51' lang='grc'><strong>“</strong></span> 
     </span>
     <span class='ocr_line' id='line_1_17' title="bbox 143 2073 1195 2171; baseline 0.005 -26"><span class='ocrx_word' id='word_1_102' title='bbox 143 2092 186 2146; x_wconf 90' lang='lat' dir='ltr'><strong>ut</strong></span> <span class='ocrx_word' id='word_1_103' title='bbox 219 2077 420 2171; x_wconf 88' lang='lat' dir='ltr'><strong>perfidem</strong></span> <span class='ocrx_word' id='word_1_104' title='bbox 460 2073 808 2170; x_wconf 78' lang='lat' dir='ltr'><strong>Christoaddictam</strong></span> <span class='ocrx_word' id='word_1_105' title='bbox 834 2073 969 2146; x_wconf 83' lang='lat' dir='ltr'><strong>Christi</strong></span> <span class='ocrx_word' id='word_1_106' title='bbox 994 2075 1195 2170; x_wconf 84' lang='lat' dir='ltr'><strong>discipulos</strong></span> 
     </span>
     <span class='ocr_line' id='line_1_18' title="bbox 142 2175 1194 2278; baseline 0.003 -30"><span class='ocrx_word' id='word_1_107' title='bbox 142 2197 309 2274; x_wconf 75' lang='lat' dir='ltr'><strong>augeant.</strong></span> <span class='ocrx_word' id='word_1_108' title='bbox 363 2185 445 2276; x_wconf 87' lang='lat' dir='ltr'><strong>Quo</strong></span> <span class='ocrx_word' id='word_1_109' title='bbox 479 2195 633 2278; x_wconf 84' lang='lat' dir='ltr'><strong>augetur</strong></span> <span class='ocrx_word' id='word_1_110' title='bbox 660 2178 794 2249; x_wconf 86' lang='lat' dir='ltr'><strong>Christi</strong></span> <span class='ocrx_word' id='word_1_111' title='bbox 815 2200 930 2248; x_wconf 85' lang='lat' dir='ltr'><strong>amor</strong></span> <span class='ocrx_word' id='word_1_112' title='bbox 955 2175 995 2248; x_wconf 90' lang='lat' dir='ltr'><strong>in</strong></span> <span class='ocrx_word' id='word_1_113' title='bbox 1019 2179 1097 2265; x_wconf 90' lang='lat' dir='ltr'><strong>hos,</strong></span> <span class='ocrx_word' id='word_1_114' title='bbox 1124 2179 1194 2273; x_wconf 90' lang='lat' dir='ltr'><strong>qui</strong></span> 
     </span>
     <span class='ocr_line' id='line_1_19' title="bbox 142 2278 1194 2376; baseline -0.001 -24"><span class='ocrx_word' id='word_1_115' title='bbox 142 2296 242 2352; x_wconf 86' lang='lat' dir='ltr'><strong>etse</strong></span> <span class='ocrx_word' id='word_1_116' title='bbox 268 2300 452 2353; x_wconf 89' lang='lat' dir='ltr'><strong>noverunt</strong></span> <span class='ocrx_word' id='word_1_117' title='bbox 477 2300 515 2352; x_wconf 90' lang='lat' dir='ltr'><strong>et</strong></span> <span class='ocrx_word' id='word_1_118' title='bbox 540 2307 603 2376; x_wconf 86' lang='lat' dir='ltr'><strong>per</strong></span> <span class='ocrx_word' id='word_1_119' title='bbox 627 2307 665 2354; x_wconf 90' lang='lat' dir='ltr'><strong>se</strong></span> <span class='ocrx_word' id='word_1_120' title='bbox 685 2287 821 2351; x_wconf 89' lang='lat' dir='ltr'><strong>Deum.</strong></span> <span class='ocrx_word' id='word_1_121' title='bbox 872 2278 975 2349; x_wconf 86' lang='lat' dir='ltr'><strong>Fides</strong></span> <span class='ocrx_word' id='word_1_122' title='bbox 1003 2303 1194 2375; x_wconf 90' lang='lat' dir='ltr'><strong>amorque,</strong></span> 
     </span>
     <span class='ocr_line' id='line_1_20' title="bbox 141 2381 1194 2455; baseline 0 -1"><span class='ocrx_word' id='word_1_123' title='bbox 141 2381 186 2454; x_wconf 87' lang='lat' dir='ltr'><strong>ad</strong></span> <span class='ocrx_word' id='word_1_124' title='bbox 211 2383 493 2455; x_wconf 89' lang='lat' dir='ltr'><strong>similitudinem</strong></span> <span class='ocrx_word' id='word_1_125' title='bbox 510 2382 684 2454; x_wconf 85' lang='lat' dir='ltr'><strong>fermenti</strong></span> <span class='ocrx_word' id='word_1_126' title='bbox 699 2381 836 2454; x_wconf 85' lang='lat' dir='ltr'><strong>farinae</strong></span> <span class='ocrx_word' id='word_1_127' title='bbox 852 2404 1007 2452; x_wconf 82' lang='lat' dir='ltr'><strong>massam</strong></span> <span class='ocrx_word' id='word_1_128' title='bbox 1022 2381 1194 2454; x_wconf 88' lang='lat' dir='ltr'><strong>imbuen-</strong></span> 
     </span>
     <span class='ocr_line' id='line_1_21' title="bbox 140 2479 1193 2588; baseline 0.004 -34"><span class='ocrx_word' id='word_1_129' title='bbox 140 2483 204 2570; x_wconf 88' lang='lat' dir='ltr'><strong>tis,</strong></span> <span class='ocrx_word' id='word_1_130' title='bbox 230 2479 439 2558; x_wconf 81' lang='lat' dir='ltr'><strong>funduntur</strong></span> <span class='ocrx_word' id='word_1_131' title='bbox 451 2511 517 2586; x_wconf 87' lang='lat' dir='ltr'><strong>per</strong></span> <span class='ocrx_word' id='word_1_132' title='bbox 533 2487 683 2582; x_wconf 83' lang='grc' dir='ltr'><em>κόσμον</em></span> <span class='ocrx_word' id='word_1_133' title='bbox 710 2501 748 2558; x_wconf 93' lang='lat' dir='ltr'><strong>et</strong></span> <span class='ocrx_word' id='word_1_134' title='bbox 771 2482 916 2556; x_wconf 85' lang='lat' dir='ltr'><strong>Christo</strong></span> <span class='ocrx_word' id='word_1_135' title='bbox 932 2482 1093 2588; x_wconf 74' lang='lat' dir='ltr'><strong>amicum</strong></span> <span class='ocrx_word' id='word_1_136' title='bbox 1109 2485 1193 2558; x_wconf 90' lang='lat' dir='ltr'><strong>red-</strong></span> 
     </span>
     <span class='ocr_line' id='line_1_22' title="bbox 140 2585 722 2688; baseline 0.019 -33"><span class='ocrx_word' id='word_1_137' title='bbox 140 2585 225 2658; x_wconf 87' lang='lat' dir='ltr'><strong>dere</strong></span> <span class='ocrx_word' id='word_1_138' title='bbox 249 2604 400 2660; x_wconf 78' lang='lat' dir='ltr'><strong>tentant</strong></span> <span class='ocrx_word' id='word_1_139' title='bbox 622 2587 629 2600; x_wconf 71' lang='grc'><em>’</em></span> <span class='ocrx_word' id='word_1_140' title='bbox 718 2678 722 2688; x_wconf 37' lang='grc'>,</span> 
     </span>
    </p>

    <p class='ocr_par' dir='ltr' id='par_1_3' title="bbox 65 2688 1243 3811">
     <span class='ocr_line' id='line_1_23' title="bbox 214 2688 1191 2786; baseline 0.004 -28"><span class='ocrx_word' id='word_1_141' title='bbox 214 2693 257 2759; x_wconf 88' lang='lat' dir='ltr'><strong>ln</strong></span> <span class='ocrx_word' id='word_1_142' title='bbox 290 2691 501 2785; x_wconf 86' lang='lat' dir='ltr'><strong>precatione</strong></span> <span class='ocrx_word' id='word_1_143' title='bbox 533 2688 746 2762; x_wconf 83' lang='lat' dir='ltr'><strong>sacerdotali</strong></span> <span class='ocrx_word' id='word_1_144' title='bbox 777 2713 808 2761; x_wconf 85' lang='lat' dir='ltr'><strong>o.</strong></span> <span class='ocrx_word' id='word_1_145' title='bbox 840 2692 978 2777; x_wconf 68' lang='lat' dir='ltr'><strong>xvn„</strong></span> <span class='ocrx_word' id='word_1_146' title='bbox 1018 2711 1089 2786; x_wconf 83' lang='lat' dir='ltr'><strong>qua</strong></span> <span class='ocrx_word' id='word_1_147' title='bbox 1111 2713 1191 2762; x_wconf 84' lang='lat' dir='ltr'><strong>non</strong></span> 
     </span>
     <span class='ocr_line' id='line_1_24' title="bbox 73 2787 1190 2890; baseline 0 -28"><span class='ocrx_word' id='word_1_148' title='bbox 73 2824 76 2829; x_wconf 94' lang='lat'>·</span> <span class='ocrx_word' id='word_1_149' title='bbox 139 2787 394 2865; x_wconf 84' lang='lat' dir='ltr'><strong>sublimiorem</strong></span> <span class='ocrx_word' id='word_1_150' title='bbox 421 2810 662 2889; x_wconf 85' lang='lat' dir='ltr'><strong>perceperunt</strong></span> <span class='ocrx_word' id='word_1_151' title='bbox 686 2793 877 2880; x_wconf 84' lang='lat' dir='ltr'><strong>mortales,</strong></span> <span class='ocrx_word' id='word_1_152' title='bbox 910 2815 1004 2890; x_wconf 87' lang='lat' dir='ltr'><strong>quae</strong></span> <span class='ocrx_word' id='word_1_153' title='bbox 1036 2792 1082 2862; x_wconf 87' lang='lat' dir='ltr'><strong>de</strong></span> <span class='ocrx_word' id='word_1_154' title='bbox 1113 2790 1190 2863; x_wconf 87' lang='lat' dir='ltr'><strong>ani-</strong></span> 
     </span>
     <span class='ocr_line' id='line_1_25' title="bbox 139 2891 1191 2992; baseline 0.008 -32"><span class='ocrx_word' id='word_1_155' title='bbox 139 2915 201 2962; x_wconf 89' lang='lat' dir='ltr'><strong>mo</strong></span> <span class='ocrx_word' id='word_1_156' title='bbox 227 2916 311 2990; x_wconf 87' lang='lat' dir='ltr'><strong>erga</strong></span> <span class='ocrx_word' id='word_1_157' title='bbox 336 2921 421 2968; x_wconf 87' lang='lat' dir='ltr'><strong>suos</strong></span> <span class='ocrx_word' id='word_1_158' title='bbox 454 2897 709 2992; x_wconf 89' lang='lat' dir='ltr'><strong>mundumque</strong></span> <span class='ocrx_word' id='word_1_159' title='bbox 733 2893 915 2989; x_wconf 87' lang='lat' dir='ltr'><strong>prodidit,</strong></span> <span class='ocrx_word' id='word_1_160' title='bbox 956 2891 1191 2968; x_wconf 81' lang='lat' dir='ltr'><strong>manifestam</strong></span> 
     </span>
     <span class='ocr_line' id='line_1_26' title="bbox 65 2986 1243 3092; baseline 0.005 -30"><span class='ocrx_word' id='word_1_161' title='bbox 65 3052 68 3062; x_wconf 83' lang='grc'><em>,</em></span> <span class='ocrx_word' id='word_1_162' title='bbox 138 2998 417 3092; x_wconf 86' lang='lat' dir='ltr'><strong>repugnantiam</strong></span> <span class='ocrx_word' id='word_1_163' title='bbox 451 2997 607 3068; x_wconf 86' lang='lat' dir='ltr'><strong>condere</strong></span> <span class='ocrx_word' id='word_1_164' title='bbox 647 2997 830 3068; x_wconf 88' lang='lat' dir='ltr'><strong>videntur.</strong></span> <span class='ocrx_word' id='word_1_165' title='bbox 871 3019 907 3067; x_wconf 78' lang='lat' dir='ltr'><strong>v.</strong></span> <span class='ocrx_word' id='word_1_166' title='bbox 938 3017 973 3086; x_wconf 85' lang='lat'><strong>9.</strong></span> <span class='ocrx_word' id='word_1_167' title='bbox 1011 3019 1067 3066; x_wconf 80' lang='lat' dir='ltr'><strong>to.</strong></span> <span class='ocrx_word' id='word_1_168' title='bbox 1104 2986 1187 3092; x_wconf 78' lang='grc' dir='ltr'><strong>ἐγὼ</strong></span> <span class='ocrx_word' id='word_1_169' title='bbox 1239 3007 1243 3012; x_wconf 86' lang='grc'><em>“</em></span> 
     </span>
     <span class='ocr_line' id='line_1_27' title="bbox 138 3091 1189 3203; baseline 0.004 -37"><span class='ocrx_word' id='word_1_170' title='bbox 138 3093 226 3202; x_wconf 75' lang='grc' dir='ltr'><strong>περὶ</strong></span> <span class='ocrx_word' id='word_1_171' title='bbox 260 3096 394 3170; x_wconf 74' lang='grc' dir='ltr'><strong><em>αὐτῶν</em></strong></span> <span class='ocrx_word' id='word_1_172' title='bbox 425 3092 591 3203; x_wconf 79' lang='lat' dir='ltr'><strong>ipwrui·</strong></span> <span class='ocrx_word' id='word_1_173' title='bbox 631 3096 690 3172; x_wconf 82' lang='lat' dir='ltr'><strong>od</strong></span> <span class='ocrx_word' id='word_1_174' title='bbox 713 3091 829 3201; x_wconf 73' lang='grc' dir='ltr'><strong>περὶ</strong></span> <span class='ocrx_word' id='word_1_175' title='bbox 857 3093 947 3169; x_wconf 83' lang='grc' dir='ltr'><strong>τοῦ</strong></span> <span class='ocrx_word' id='word_1_176' title='bbox 987 3097 1189 3186; x_wconf 79' lang='grc' dir='ltr'><strong>κόσμου</strong></span> 
     </span>
     <span class='ocr_line' id='line_1_28' title="bbox 137 3190 1189 3326; baseline 0 -55"><span class='ocrx_word' id='word_1_177' title='bbox 137 3190 299 3326; x_wconf 77' lang='lat' dir='ltr'><strong>ipwrtd·</strong></span> <span class='ocrx_word' id='word_1_178' title='bbox 338 3194 444 3272; x_wconf 81' lang='grc' dir='ltr'><strong>ἀλλὰ</strong></span> <span class='ocrx_word' id='word_1_179' title='bbox 475 3193 561 3303; x_wconf 70' lang='grc' dir='ltr'><strong>περὶ</strong></span> <span class='ocrx_word' id='word_1_180' title='bbox 593 3191 648 3272; x_wconf 74' lang='lat' dir='ltr'><strong>ult</strong></span> <span class='ocrx_word' id='word_1_181' title='bbox 680 3195 856 3285; x_wconf 80' lang='grc' dir='ltr'><em>δέδωκάς</em></span> <span class='ocrx_word' id='word_1_182' title='bbox 887 3220 974 3290; x_wconf 77' lang='grc' dir='ltr'><em>μοι,</em></span> <span class='ocrx_word' id='word_1_183' title='bbox 1017 3195 1079 3270; x_wconf 77' lang='grc' dir='ltr'><strong>ὅτι</strong></span> <span class='ocrx_word' id='word_1_184' title='bbox 1118 3195 1189 3271; x_wconf 79' lang='lat' dir='ltr'><strong>coi</strong></span> 
     </span>
     <span class='ocr_line' id='line_1_29' title="bbox 137 3293 1188 3387; baseline -0.006 -11"><span class='ocrx_word' id='word_1_185' title='bbox 137 3324 227 3376; x_wconf 82' lang='grc' dir='ltr'><strong><em>εισι·</em></strong></span> <span class='ocrx_word' id='word_1_186' title='bbox 261 3295 329 3376; x_wconf 79' lang='grc' dir='ltr'><strong>κατ’</strong></span> <span class='ocrx_word' id='word_1_187' title='bbox 363 3301 416 3375; x_wconf 83' lang='grc' dir='ltr'><strong>τὰ</strong></span> <span class='ocrx_word' id='word_1_188' title='bbox 457 3293 530 3385; x_wconf 78' lang='grc' dir='ltr'><strong>ἐμὰ</strong></span> <span class='ocrx_word' id='word_1_189' title='bbox 561 3298 688 3374; x_wconf 78' lang='grc' dir='ltr'><strong><em>πάντα</em></strong></span> <span class='ocrx_word' id='word_1_190' title='bbox 721 3297 775 3372; x_wconf 85' lang='grc' dir='ltr'><strong>σά</strong></span> <span class='ocrx_word' id='word_1_191' title='bbox 806 3294 908 3387; x_wconf 81' lang='grc' dir='ltr'><strong><em>ἐστι,</em></strong></span> <span class='ocrx_word' id='word_1_192' title='bbox 945 3295 1012 3371; x_wconf 78' lang='grc' dir='ltr'><strong>καὶ</strong></span> <span class='ocrx_word' id='word_1_193' title='bbox 1042 3296 1095 3370; x_wconf 80' lang='grc' dir='ltr'><strong>τὰ</strong></span> <span class='ocrx_word' id='word_1_194' title='bbox 1129 3295 1188 3372; x_wconf 80' lang='grc' dir='ltr'><strong>σὰ</strong></span> 
     </span>
     <span class='ocr_line' id='line_1_30' title="bbox 136 3393 1185 3498; baseline -0.005 -20"><span class='ocrx_word' id='word_1_195' title='bbox 136 3397 230 3498; x_wconf 79' lang='grc' dir='ltr'><strong>ἐμά·</strong></span> <span class='ocrx_word' id='word_1_196' title='bbox 261 3397 328 3478; x_wconf 76' lang='grc' dir='ltr'><strong>καὶ</strong></span> <span class='ocrx_word' id='word_1_197' title='bbox 358 3395 599 3493; x_wconf 79' lang='grc' dir='ltr'>δεδόξασμαι</span> <span class='ocrx_word' id='word_1_198' title='bbox 630 3393 666 3474; x_wconf 81' lang='grc' dir='ltr'><strong>ἐν</strong></span> <span class='ocrx_word' id='word_1_199' title='bbox 691 3395 848 3488; x_wconf 69' lang='grc' dir='ltr'><strong>αὐτοῖς,</strong></span> <span class='ocrx_word' id='word_1_200' title='bbox 886 3399 1107 3494; x_wconf 88' lang='lat' dir='ltr'><strong>quibuscum</strong></span> <span class='ocrx_word' id='word_1_201' title='bbox 1133 3397 1185 3474; x_wconf 85' lang='lat' dir='ltr'><strong>cf.</strong></span> 
     </span>
     <span class='ocr_line' id='line_1_31' title="bbox 129 3493 1185 3609; baseline -0.003 -32"><span class='ocrx_word' id='word_1_202' title='bbox 129 3517 171 3581; x_wconf 75' lang='lat' dir='ltr'><strong>r.</strong></span> <span class='ocrx_word' id='word_1_203' title='bbox 192 3529 252 3583; x_wconf 80' lang='lat' dir='ltr'><strong>ro.</strong></span> <span class='ocrx_word' id='word_1_204' title='bbox 269 3530 327 3575; x_wconf 70' lang='grc' dir='ltr'><strong>τι.</strong></span> <span class='ocrx_word' id='word_1_205' title='bbox 350 3505 401 3580; x_wconf 83' lang='lat' dir='ltr'><strong>od</strong></span> <span class='ocrx_word' id='word_1_206' title='bbox 424 3501 509 3609; x_wconf 81' lang='grc' dir='ltr'><strong><em>περὶ</em></strong></span> <span class='ocrx_word' id='word_1_207' title='bbox 526 3500 682 3577; x_wconf 83' lang='grc' dir='ltr'><strong><em>τούτων</em></strong></span> <span class='ocrx_word' id='word_1_208' title='bbox 706 3498 748 3578; x_wconf 79' lang='grc' dir='ltr'><strong>δὲ</strong></span> <span class='ocrx_word' id='word_1_209' title='bbox 765 3493 909 3603; x_wconf 81' lang='lat' dir='ltr'><strong>ipwrni</strong></span> <span class='ocrx_word' id='word_1_210' title='bbox 923 3503 1054 3591; x_wconf 87' lang='grc' dir='ltr'><strong><em>μόνον,</em></strong></span> <span class='ocrx_word' id='word_1_211' title='bbox 1075 3497 1185 3574; x_wconf 77' lang='grc' dir='ltr'><strong>ἀλλὰ</strong></span> 
     </span>
     <span class='ocr_line' id='line_1_32' title="bbox 135 3597 1185 3708; baseline -0.01 -23"><span class='ocrx_word' id='word_1_212' title='bbox 135 3605 349 3708; x_wconf 72' lang='grc' dir='ltr'><strong><em>καὶπερὶ</em></strong></span> <span class='ocrx_word' id='word_1_213' title='bbox 376 3597 830 3682; x_wconf 66' lang='lat' dir='ltr'><strong>edisserendum</strong></span> <span class='ocrx_word' id='word_1_214' title='bbox 860 3600 942 3676; x_wconf 82' lang='grc' dir='ltr'><strong>διὰ</strong></span> <span class='ocrx_word' id='word_1_215' title='bbox 978 3600 1066 3676; x_wconf 83' lang='grc' dir='ltr'><strong>τοῦ</strong></span> <span class='ocrx_word' id='word_1_216' title='bbox 1100 3601 1185 3679; x_wconf 81' lang='grc' dir='ltr'><strong>λό-</strong></span> 
     </span>
     <span class='ocr_line' id='line_1_33' title="bbox 107 3696 1183 3811; baseline -0.004 -30"><span class='ocrx_word' id='word_1_217' title='bbox 107 3775 111 3781; x_wconf 83' lang='lat'>.</span> <span class='ocrx_word' id='word_1_218' title='bbox 133 3733 224 3811; x_wconf 82' lang='grc' dir='ltr'><strong>γον</strong></span> <span class='ocrx_word' id='word_1_219' title='bbox 247 3709 411 3786; x_wconf 72' lang='grc' dir='ltr'><strong><em>αὐτῶν</em></strong></span> <span class='ocrx_word' id='word_1_220' title='bbox 434 3709 484 3799; x_wconf 82' lang='grc' dir='ltr'><strong>εἰς</strong></span> <span class='ocrx_word' id='word_1_221' title='bbox 507 3699 586 3806; x_wconf 75' lang='grc' dir='ltr'><strong>ἐμὲ,</strong></span> <span class='ocrx_word' id='word_1_222' title='bbox 615 3697 679 3781; x_wconf 77' lang='grc' dir='ltr'><strong>ἵνα</strong></span> <span class='ocrx_word' id='word_1_223' title='bbox 700 3703 836 3795; x_wconf 81' lang='grc' dir='ltr'><strong><em>πάντες</em></strong></span> <span class='ocrx_word' id='word_1_224' title='bbox 858 3696 895 3780; x_wconf 80' lang='grc' dir='ltr'><strong>ἕν</strong></span> <span class='ocrx_word' id='word_1_225' title='bbox 920 3697 1018 3778; x_wconf 72' lang='lat' dir='ltr'><strong>ulos·</strong></span> <span class='ocrx_word' id='word_1_226' title='bbox 1044 3700 1183 3794; x_wconf 67' lang='lat' dir='ltr'><strong>suddit</strong></span> 
     </span>
    </p>
   </div>
   <div class='ocr_carea' id='block_1_3' title="bbox 145 3976 1180 4092">
    <p class='ocr_par' dir='ltr' id='par_1_4' title="bbox 145 3937 1180 4092">
     <span class='ocr_line' id='line_1_34' title="bbox 145 3976 1180 4092; baseline -0.004 -37"><span class='ocrx_word' id='word_1_227' title='bbox 145 3991 333 4068; x_wconf 20' lang='lat' dir='ltr'><strong>,bathne</strong></span> <span class='ocrx_word' id='word_1_228' title='bbox 354 3986 585 4092; x_wconf 64' lang='lat' dir='ltr'><strong>cstMtth.283</strong></span> <span class='ocrx_word' id='word_1_229' title='bbox 608 4001 674 4050; x_wconf 74' lang='lat' dir='ltr'><strong>not</strong></span> <span class='ocrx_word' id='word_1_230' title='bbox 697 3983 804 4064; x_wconf 70' lang='lat' dir='ltr'><strong>livi,</strong></span> <span class='ocrx_word' id='word_1_231' title='bbox 833 3976 914 4092; x_wconf 66' lang='lat' dir='ltr'><strong>iyt&#39;s</strong></span> <span class='ocrx_word' id='word_1_232' title='bbox 943 3983 1036 4076; x_wconf 70' lang='grc' dir='ltr'><strong>μεθ’</strong></span> <span class='ocrx_word' id='word_1_233' title='bbox 1064 3977 1180 4088; x_wconf 59' lang='grc' dir='ltr'><strong>ὑμῶν</strong></span> 
     </span>
    </p>
   </div>
   <div class='ocr_carea' id='block_1_4' title="bbox 215 4067 1182 4244">
    <p class='ocr_par' dir='ltr' id='par_1_5' title="bbox 215 4067 1182 4244">
     <span class='ocr_line' id='line_1_35' title="bbox 215 4067 1179 4218; baseline -0.013 -71"><span class='ocrx_word' id='word_1_234' title='bbox 215 4079 324 4158; x_wconf 76' lang='grc' dir='ltr'><strong><em>εἶμι,</em></strong></span> <span class='ocrx_word' id='word_1_235' title='bbox 358 4074 467 4154; x_wconf 75' lang='grc' dir='ltr'><strong>πάσας</strong></span> <span class='ocrx_word' id='word_1_236' title='bbox 493 4069 553 4147; x_wconf 74' lang='grc' dir='ltr'><strong>τὰς</strong></span> <span class='ocrx_word' id='word_1_237' title='bbox 572 4073 711 4218; x_wconf 54' lang='lat' dir='ltr'><strong>pirique,</strong></span> <span class='ocrx_word' id='word_1_238' title='bbox 747 4069 805 4150; x_wconf 80' lang='grc' dir='ltr'><strong>ἕως</strong></span> <span class='ocrx_word' id='word_1_239' title='bbox 827 4094 886 4150; x_wconf 75' lang='grc' dir='ltr'><strong>της</strong></span> <span class='ocrx_word' id='word_1_240' title='bbox 908 4067 1097 4144; x_wconf 77' lang='grc' dir='ltr'><strong><em>συντελείας</em></strong></span> <span class='ocrx_word' id='word_1_241' title='bbox 1117 4092 1179 4134; x_wconf 86' lang='grc' dir='ltr'><strong>του</strong></span> 
     </span>
     <span class='ocr_line' id='line_1_36' title="bbox 215 4151 1182 4244; baseline -0.011 -18"><span class='ocrx_word' id='word_1_242' title='bbox 215 4163 350 4244; x_wconf 79' lang='grc' dir='ltr'><strong><em>αἰῶνος,</em></strong></span> <span class='ocrx_word' id='word_1_243' title='bbox 392 4161 435 4222; x_wconf 87' lang='lat' dir='ltr'><strong>de</strong></span> <span class='ocrx_word' id='word_1_244' title='bbox 472 4157 573 4222; x_wconf 76' lang='grc' dir='ltr'><strong>ἰννυίτί</strong></span> <span class='ocrx_word' id='word_1_245' title='bbox 593 4157 634 4240; x_wconf 70' lang='lat' dir='ltr'><strong>ili</strong></span> <span class='ocrx_word' id='word_1_246' title='bbox 668 4153 907 4220; x_wconf 77' lang='lat' dir='ltr'><strong>necessitudine</strong></span> <span class='ocrx_word' id='word_1_247' title='bbox 943 4173 1019 4216; x_wconf 82' lang='lat' dir='ltr'><strong>eum</strong></span> <span class='ocrx_word' id='word_1_248' title='bbox 1058 4151 1182 4218; x_wconf 68' lang='lat' dir='ltr'><strong>Christi</strong></span> 
     </span>
    </p>
   </div>
   <div class='ocr_carea' id='block_1_5' title="bbox 210 4249 343 4328">
    <p class='ocr_par' dir='ltr' id='par_1_6' title="bbox 210 4249 343 4328">
     <span class='ocr_line' id='line_1_37' title="bbox 210 4249 343 4328; baseline 0.008 -16"><span class='ocrx_word' id='word_1_249' title='bbox 210 4249 343 4328; x_wconf 73' lang='lat' dir='ltr'><strong>spiritu·</strong></span> 
     </span>
    </p>
   </div>
   <div class='ocr_carea' id='block_1_6' title="bbox 0 0 1332 4988">
    <p class='ocr_par' dir='ltr' id='par_1_7' title="bbox 0 0 1332 4988">
     <span class='ocr_line' id='line_1_38' title="bbox 0 0 1332 4988; baseline 0 5"><span class='ocrx_word' id='word_1_250' title='bbox 0 0 1332 4988; x_wconf 95' lang='lat' dir='ltr'><strong> </strong></span> 
     </span>
    </p>
   </div>
  </div>
 </body>
</html>
