2654 4988
483 435 660 462 ⁴.----..
708 399 786 494 ⁴⁶8
832 431 956 498 7-

227 566 557 646 elementarium.
582 591 620 642 v.
648 591 706 662 ¹7·
764 566 839 670 Qui
865 567 940 642 fide
962 561 1003 641 in
1029 587 1116 642 eum
1138 589 1176 642 te
1196 583 1262 644 trs·

227 675 300 760 dit,
326 696 401 746 nou
427 672 528 744 subit
551 669 751 756 iudicium3
786 671 851 771 qui
877 688 986 770 negat
1013 670 1140 762 fidem,
1173 671 1262 746 iseo

228 777 408 850 iudicatus
449 790 527 874 est,
570 774 671 870 quod
711 797 786 847 uon
818 772 933 846 fidem
974 773 1106 845 habuit
1133 770 1265 844 nomini
1319 853 1320 874 χ

228 877 411 974 unigenae
436 877 509 948 Dei
533 871 613 947 filii.
640 900 675 947 v.
707 897 763 964 ιε.
815 881 859 946 In
893 899 939 948 eo
968 875 1129 950 cernitur
1154 875 1265 968 (inter-

227 987 331 1068 uum)
359 979 533 1051 iudicium
549 976 599 1066 ⁴¹),
626 979 734 1075 quod,
752 1001 838 1050 cum
856 980 926 1049 lux
943 977 1101 1050 venisset
1115 976 1153 1046 in
1170 991 1267 1046 mun·
1319 1023 1320 1073 t

229 1081 337 1168 dum,
361 1080 572 1152 dilexerunt
593 1080 770 1164 mortales,
787 1105 874 1176 prae
894 1081 978 1152 luce
998 1078 1172 1166 tenebras,
1197 1099 1265 1171 per·
1319 1105 1320 1180 i

227 1206 330 1254 versa
362 1206 479 1277 quum
513 1199 631 1253 essent
661 1193 795 1258 'eorum
827 1205 948 1276 opera,
1014 1182 1266 1276 (Luculentum
1319 1187 1320 1272 ζ

227 1284 408 1356 iudicium
433 1286 661 1356 Meuianum
694 1302 766 1374 est,
803 1285 903 1382 quod
927 1283 1134 1356 instituitur
1159 1280 1266 1374 Sospi·

172 1461 174 1466 ,
225 1385 354 1458 tatoris
378 1385 417 1456 in
444 1385 574 1457 orbem
594 1387 772 1476 adventu2
791 1403 830 1457 et
853 1385 950 1457 inter
973 1386 1146 1458 mortales
1167 1399 1263 1468 sorte,

227 1512 298 1586 qua
314 1486 522 1559 animorum
537 1512 639 1564 sensa
657 1489 894 1567 declarantur.
935 1489 1138 1575 Iudaicum,
1157 1485 1265 1580 splen·

215 1590 374 1678 ,didum,
416 1591 581 1662 solemne
607 1590 769 1662 tribunal
800 1589 882 1686 quis
910 1583 1121 1677 desideret,
1162 1609 1266 1681 quum

227 1715 295 1764 nec
315 1696 498 1764 Ioanneus
523 1693 686 1765 Christus
710 1691 873 1789 requirat
882 1687 915 1781 l)
949 1716 985 1763 v.
1014 1717 1072 1784 ¹9·
1133 1685 1266 1759 claudit

146 1869 150 1878 ,
228 1793 389 1892 generali
408 1817 499 1864 voce
521 1793 742 1866 dehomine
765 1817 937 1890 nequam,
961 1791 1265 1896 lugientelucem

227 1899 274 1968 de
298 1894 459 1966 veritatis
482 1898 642 1985 cultore,
668 1895 762 1969 lucis
787 1895 918 1972 amico.
940 1919 976 1966 v.
1011 1920 1083 1968 eor
1102 1918 1161 1965 st.
1209 1889 1267 1980 (Si-

226 1995 365 2070 militer
392 1996 434 2068 in
476 1997 547 2069 hoc
577 1999 809 2094 Evangelista
840 2000 993 2068 Ioannes
1026 2001 1069 2074 B.
1104 2015 1137 2084 3,
1169 1984 1266 2078 36.ὁ

225 2095 420 2172 πιστεύων
441 2096 491 2185 εἷς
514 2097 583 2172 τὸν
608 2095 709 2188 υἱὸν,
738 2097 821 2193 ἔχει
846 2092 950 2188 ζωὴν
981 2095 1159 2170 αἰώνιον·
1186 2089 1208 2169 ὁ
1231 2084 1266 2165 δὲ

225 2195 396 2274 ἀπειθῶν
419 2199 482 2298 rui
506 2197 603 2300 uitri,
627 2197 701 2276 οὐκ
727 2197 879 2298 ὄψεται
904 2195 1025 2292 ζωὴν,
1053 2193 1145 2274 ἀλλ’
1169 2191 1190 2290 ἡ
1212 2189 1265 2298 dp·

223 2297 270 2402 γὴ
295 2299 369 2374 τοῦ
393 2299 491 2375 θεοῦ
518 2303 616 2399 μένει
640 2295 696 2379 ἐπ’
719 2297 870 2401 αὐτόν.)

300 2457 343 2522 ln
369 2452 439 2526 alia
465 2452 756 2550 opportunitate,
781 2472 864 2551 post
888 2449 1121 2528 sanationem
1144 2443 1266 2532 miserit

224 2552 269 2624 ad
297 2555 420 2626 lacum
453 2551 654 2628 Betlresdae
684 2566 716 2628 a*
737 2557 865 2630 multis
899 2557 1001 2630 annis
1038 2559 1123 2630 sine
1155 2552 1266 2626 fructu

223 2671 261 2726 et
285 2675 349 2751 spe
374 2657 638 2751 recuperandae
670 2659 831 2731 sanitatis
857 2658 1031 2750 coniecti,
1073 2659 1121 2732 ad
1155 2655 1267 2728 adver·

224 2756 336 2829 sarius
360 2759 512 2831 Iudaeos
534 2758 696 2831 Christus
720 2762 765 2831 de
786 2781 1019 2832 mortuorum
1042 2753 1266 2834 resurrectio·

191 2929 194 2937 ,
222 2883 268 2930 ne
293 2858 344 2932 ita
368 2859 457 2932 fecit
481 2861 610 2948 verba,
637 2878 680 2932 ut
702 2867 860 2962 mimam
884 2863 1073 2934 doctrinae
1093 2859 1266 2961 sormam,

221 2959 343 3032 sensui
379 2959 628 3061 πνευματικῴ
659 2965 867 3059 proximam
906 2964 1143 3060 proposuisse
1177 2959 1267 3030 vide·

220 3078 310 3132 atur.
340 3085 370 3154 5,
399 3088 456 3134 er.
514 3068 832 3161 Quemadmodum
859 3083 963 3160 pater
992 3084 1167 3137 mortuos
1201 3083 1265 3133 sus·

219 3162 306 3234 citat
323 3180 360 3234 et
383 3164 456 3236 vita
472 3162 546 3236 frui
562 3166 675 3256 iubet,
702 3169 873 3240 similiter
892 3167 1003 3257 filius,
1021 3167 1164 3264 quibus
1181 3161 1263 3246 vult,

218 3266 373 3362 largitur
401 3266 514 3339 vitam
541 3259 756 3359 (dworoet‘).
806 3269 1037 3364 [Incertum's
1064 3294 1145 3367 quo
1169 3285 1266 3341 sensu

218 3367 342 3458 dicat]
370 3373 414 3448 V.
451 3396 506 3440 oc.
542 3391 598 3456 23.
652 3377 699 3440 Et
724 3372 953 3466 provinciam
978 3371 1172 3444 iudicandi
1199 3390 1266 3440 om·

216 3492 303 3540 nem
332 3469 482 3542 tradidit
507 3489 609 3570 pater
632 3469 736 3560 filio,
759 3473 1090 3571 honoreetcultu
1114 3472 1204 3570 pari.
1230 3471 1265 3536 V·

219 3585 276 3660 24.
330 3573 403 3668 Qui
434 3577 657 3648 auscultatur
688 3601 897 3650 sermonem
928 3599 1057 3646 meum
1097 3592 1137 3647 et
1162 3573 1264 3666 fidem

230 3745 435 3773 μαι-ιιι..-

288 3847 393 3911 nandi
416 3853 602 3932 provintia,
640 3855 677 3913 in
701 3848 762 3915 hae
786 3851 974 3916 mortalium
1002 3854 1223 3934 perversitate
1248 3867 1264 3908 a

284 3925 353 3988 Dei
370 3927 480 4020 legato
510 3930 710 4005 exercenda,
744 3929 969 3992 continebitur
994 3927 1265 3993 condemnatura

286 4018 459 4064 sententia.

248 4088 363 4169 ⁴¹)Die
397 4091 581 4157 Mentchen
618 4091 697 4156 sind
731 4093 830 4158 achon
867 4092 1027 4180 pericliter
1061 4128 1104 4144 ·-
1141 4073 1263 4159 werdon

279 4164 567 4308 fflliffichm’
607 4169 710 4282 durclr
732 4172 787 4234 die
805 4174 864 4234 Art
884 4170 973 4236 ihrer
991 4170 1188 4236 Aufnalrme
1209 4170 1261 4235 det
