2734 4998
424 361 824 430 *¹3⁸⁶*

180 513 278 584 iiam
285 531 376 582 vero
393 507 496 581 vitm
508 529 552 581 ac
567 507 773 599 rationem,
789 529 903 606 quiin
917 511 1142 586 Sturuzros

98 627 139 686 et
153 612 238 708 ipse
251 611 350 696 iniit,
367 627 404 683 et
419 609 756 684 aliisvehementer
771 613 1068 704 commendarit,
1085 633 1141 704 ut,

95 713 393 812 pervestigando
425 713 666 810 singulorum
690 713 915 809 scriptorum
946 715 1143 792 historico·

96 841 190 890 rum
202 815 351 886 dicendi
369 837 487 912 genus
506 802 932 911 adtenuissimesusi'lue
945 817 1140 905 minutias,

97 917 332 1014 inquirendo
345 916 388 988 in
398 939 528 992 eorum
542 915 738 1016 ingenium
751 916 1012 1012 sentiendique
1028 919 1141 990 ratio·

96 1043 210 1108 nem,
239 1041 353 1114 quse,
378 1018 512 1089 nesciis
537 1014 615 1090 fere
637 1015 901 1114 scriptoribus,
927 1018 1141 1092 immiscue-

97 1121 150 1192 rit
178 1144 220 1192 se
246 1143 374 1192 rerum
403 1117 702 1208 narrationibus,
740 1119 899 1208 sensim,
941 1119 1007 1192 sed
1037 1137 1142 1194 certo

98 1222 223 1322 gradu
248 1245 293 1292 eo
326 1219 581 1315 perveniatur,
616 1237 661 1291 ut
692 1219 886 1320 religionis
917 1221 1139 1296 christianae

96 1327 264 1424 genuino
272 1315 406 1421 formo
424 1339 462 1392 et
480 1321 619 1395 indoles
641 1327 768 1394 nativo
790 1339 944 1394 eruatur
960 1347 1139 1422 agnosce·

97 1443 240 1521 turque
255 1423 302 1494 ab
321 1422 500 1497 omnibus
515 1420 572 1516 *)t
599 1421 639 1494 id
654 1423 749 1494 inihi
766 1423 937 1519 quidem,
965 1425 1069 1522 quod
1085 1443 1139 1496 at·

96 1527 200 1598 tinet
227 1525 470 1620 synopticos,
500 1524 564 1596 ita·
581 1542 837 1619 comparatum
867 1549 948 1598 esse
975 1525 1137 1615 videtur,

95 1645 142 1700 ut
165 1627 292 1724 magis
315 1626 357 1696 in
387 1626 489 1716 votis
520 1624 739 1698 habendum
765 1626 833 1715 sit,
867 1651 980 1723 quem
998 1627 1041 1700 in
1065 1629 1138 1721 his,
1176 1635 1192 1657 “

97 1755 197 1826 quae
214 1727 385 1800 facienda
407 1727 502 1815 sint,
528 1727 740 1824 etquidem
763 1752 849 1800 cum
870 1727 1019 1816 fructu,
1047 1746 1138 1802 stre·

96 1855 177 1904 nuo
199 1830 406 1924 interpreti
443 1831 552 1904 Ultra
568 1835 662 1902 enim
678 1835 871 1930 evangelio
885 1855 1030 1926 supere,
1054 1855 1138 1904 non

94 1935 186 2004 licet
202 1952 327 2026 neque
343 1931 557 2026 interpreti,
582 1955 707 2026 nequo
725 1930 916 2004 historico.
968 1933 1028 2002 Ad
1050 1930 1137 2004 fon·

95 2051 149 2108 tes
161 2033 297 2132 igitur,
320 2057 341 2104 e
358 2032 496 2128 quibus
509 2030 702 2104 fluxerunt
716 2033 755 2102 hi
771 2032 870 2120 libri,
891 2055 967 2129 quo
983 2033 1137 2106 tandem

93 2153 207 2232 pacto
231 2129 422 2206 recurres?
474 2137 577 2231 Ergo
594 2133 656 2204 vel
678 2132 808 2206 invitis
825 2134 1137 2228 acquiescendum

95 2255 150 2309 est
162 2237 209 2308 in
224 2235 301 2320 his,
330 2259 424 2331 quae
440 2250 598 2306 aetatem
616 2236 805 2324 tulerunt,
821 2236 987 2330 scriptis3
1013 2259 1137 2330 neque
1165 2310 1169 2329 ,

94 2339 194 2411 alitis
213 2337 400 2424 Christus,
427 2337 500 2408 iilia
519 2335 657 2408 Christi
672 2337 750 2408 viti
772 2337 949 2433 lingenda
961 2326 1058 2410 ‘sunt
1073 2337 1136 2410 vel

13 2425 17 2444 ⁵
93 2457 243 2526 manu,
273 2439 336 2509 vei
357 2437 591 2534 imaginandi
620 2437 781 2533 quaram
808 2438 985 2526 titiane,
1022 2463 1135 2534 quam
1223 2475 1232 2500 κ
1279 2435 1284 2458 ·

96 2543 248 2638 qualem
267 2538 449 2610 exhibent
472 2557 719 2611 monumenta
744 2541 837 2612 haec
861 2539 1133 2634 antiquissime,

95 2644 168 2715 soli
182 2642 379 2714 doctrinae
392 2642 566 2736 vitaeque
580 2645 665 2712 Iesu
680 2638 819 2714 fontes.
854 2647 992 2713 Errant
1005 2642 1134 2739 igitur,

95 2745 160 2844 qui
176 2743 280 2816 ultra
306 2743 377 2814 hos
391 2743 537 2818 rivulos
566 2742 633 2835 (ita
658 2743 759 2814 eninr
772 2741 906 2814 solent
922 2741 1060 2834 dicere)
1081 2745 1136 2823 ed

92 2869 235 2942 purum
250 2841 685 2940 limpidumquefontem
700 2844 957 2938 recurriposse
973 2844 1044 2916 sibi
1054 2870 1134 2940 per·
1185 2913 1194 2930 ,

93 2947 269 3020 suadent.
321 2944 503 3017 Umbram
524 2944 625 3016 enini
647 2969 716 3040 pro
734 2951 882 3018 Iunone
903 2947 1134 3041 amplectun-

93 3065 170 3120 tur.
221 3055 364 3143 Atque,
390 3071 440 3120 ne
465 3046 582 3130 nimia
606 3047 808 3118 nonnullis
832 3047 969 3118 dixisse
992 3048 1133 3137 videar,

94 3151 170 3224 ilia
186 3172 277 3221 sane
294 3165 350 3218 est
366 3148 462 3220 ratio
471 3155 641 3220 loaisrsiri
651 3146 756 3236 libri,
775 3147 847 3220 slis
863 3149 954 3222 item
969 3149 1134 3244 reliquo·

94 3275 180 3323 rum
194 3255 243 3322 N.
265 3255 308 3320 Τ.
326 3249 552 3343 scriptorum
569 3250 845 3324 diducticorum.
895 3249 1012 3322 lllum
1030 3251 1134 3324 enim

94 3351 199 3449 quod
218 3350 354 3422 attinet
380 3351 537 3452 (dequo
560 3346 659 3421 infre
678 3349 866 3446 copiosius
877 3352 1137 3444 ,tractabitur),
1216 3368 1221 3387 ·

92 3455 170 3532 tile
190 3449 269 3524 fuit
293 3450 417 3550 quarti
433 3453 697 3550 Evangelistee
719 3451 935 3550 ingenium,
962 3470 1007 3524 nt
1032 3455 1132 3526 etin

92 3547 206 3626 rebus
249 3555 337 3648 estis
354 3553 545 3624 tradendis
565 3571 604 3624 et
617 3553 660 3624 in
685 3553 923 3626 sermonibus
938 3557 1023 3626 iesu
1044 3579 1131 3650 pro·

90 3577 280 3751 ponendis
297 3651 409 3730 facile
423 3677 463 3728 se
474 3653 613 3758 prodat
631 3653 857 3756 legentibus.
903 3659 1005 3730 Nem
1019 3673 1058 3729 et
1076 3681 1131 3730 sa·

107 3885 142 3964 *)
161 3885 204 3945 V.
225 3889 341 3980 etiaim
371 3899 457 3964 qiree
471 3885 527 3982 'ds
551 3885 655 3949 ruodo
675 3885 854 4022 detegendi
876 3899 992 3984 p'tiraiti
1006 3885 1132 3984 ,chuisi

168 3961 352 4022 doctrinam
368 3977 435 4024 nou
454 3983 525 4024 sine
543 3983 662 4047 magua
681 3963 766 4024 subtr
782 3979 859 4024 itate
880 3965 1029 4024 disseruit
1048 3965 1131 4024 Rsr-

165 4035 435 4176 studetis
449 4038 940 4180 ‘'ssitrrfuit‘ttsr
953 4035 1129 4120 effre
1170 4028 1173 4036 ’

165 4153 255 4268 Aug·
277 4155 363 4261 {8250
646 4159 654 4177 .
748 4137 782 4196 g.
845 4137 863 4176 r
905 4131 1009 4194 eurtg.
1034 4127 1060 4176 u
1080 4135 1129 4188 ao.
