2576 4994
466 361 587 434 '''·''.'''
638 339 735 414 ²⁶¹*
763 364 927 392 ,ιι-ιι..

91 567 96 580 ⁸
148 488 278 566 officio
305 491 416 590 gessit
450 480 595 580 sumni,
636 493 931 584 uteturientem
961 491 1049 568 cibo
1080 493 1193 591 reple·

149 613 228 667 ret:
253 595 490 690 quantumvis
515 595 727 679 desiderato.
784 600 839 668 lta
864 619 952 692 prae
973 619 1106 691 pecore
1129 597 1197 668 mi·

151 719 230 770 sera
255 719 333 767 sors
361 691 454 770 fuit!
506 703 616 768 Nunc
643 700 791 770 tandem
824 699 871 768 ed
907 722 946 770 se
982 697 1112 784 rediit,
1161 714 1197 768 et

150 797 330 890 memoria
342 815 509 894 repetens
525 800 656 879 domus
676 801 845 895 paternae
861 797 1084 898 beatitatem,
1106 816 1201 896 quot

150 899 375 986 mercenarii,
392 901 525 996 inquit,
552 902 663 998 patris
689 903 763 990 mei
775 901 963 975 abundant
986 925 1089 995 pane,
1115 907 1201 972 eum

32 1025 35 1038 ·
151 1025 223 1096 ego
256 999 317 1072 hic
349 1000 449 1074 lame
480 1027 638 1098 pereann
695 1005 778 1076 Cito
803 1025 953 1098 pergam
979 1003 1023 1077 ed
1058 1019 1202 1096 patrem

52 1157 54 1170 .
150 1127 301 1192 meum,
327 1099 532 1176 confitebor
555 1107 701 1200 culpam
724 1106 999 1202 'gravissimam
1030 1105 1204 1202 clamans,

152 1222 192 1276 et
222 1206 334 1278 deum
358 1203 419 1296 (εἷς
452 1204 522 1278 τὸν
557 1199 743 1306 οὐρανὸν)
774 1224 812 1280 et
844 1221 882 1281 te
923 1199 1082 1294 offendi,
1133 1215 1205 1276 nec

152 1330 216 1386 rne
239 1306 358 1385 habeo
385 1306 542 1402 amplius
567 1307 734 1404 dignuin,
759 1307 827 1403 qui
850 1306 950 1380 filius
972 1332 1082 1378 vocer
1103 1324 1205 1392 tuus,

151 1425 278 1500 patere
293 1402 448 1498 rantum,
474 1408 754 1504 ut3mercenerii·
766 1413 891 1482 locum
907 1433 1096 1504 occupem.
1131 1413 1207 1479 De-

151 1507 410 1582 liberationem
433 1512 598 1608 sequitur
621 1509 781 1600 facturn:
805 1510 957 1605 suscipit
975 1510 1059 1582 iter.
1083 1515 1208 1605 Quem

155 1605 242 1685 cuin
273 1605 385 1708 pater
424 1637 446 1683 e
483 1613 691 1711 longinquo
738 1615 887 1686 vidisset
933 1613 1208 1700 adventantem,

155 1712 405 1786 misericordia
453 1730 588 1808 taetris,
640 1714 754 1788 currit
792 1715 832 1788 in
871 1713 950 1784 eiu's
992 1716 1208 1808 amplexust

156 1817 258 1910 quod
283 1807 500 1938 simpliciter
537 1835 575 1888 et
614 1818 765 1912 pulchre
805 1818 857 1895 iu
897 1834 1082 1888 narratur:
1138 1812 1214 1890 troi

158 1914 323 2024 δραμὼν
356 1915 532 2018 επέπεσεν
557 1911 618 1992 ἐπὶ
643 1918 711 1992 τὸν
735 1913 943 2024 τράχηλον
969 1911 1098 1991 αὐτοῦ
1138 1913 1209 1992 καὶ

156 2015 419 2112 κατεφίλησεν
461 2013 596 2096 αὐτὸν»
653 2019 784 2110 Filius,
836 2019 902 2114 qui
936 2035 1010 2092 tarn
1043 2015 1210 2116 benigne

157 2121 381 2220 excipiatur,
418 2146 495 2194 non
526 2122 681 2220 dignum
715 2122 956 2210 sesentiens,
998 2119 1139 2194 fatetur
1171 2147 1210 2192 se

157 2247 285 2306 reum3
309 2222 439 2310 verbis,
466 2222 599 2320 quibus
622 2223 860 2296 constituerat
877 2221 1005 2296 fateri:
1028 2220 1210 2344 inaptus

159 2325 209 2415 εἷς
238 2319 499 2428 conciperer
528 2326 687 2416 (coelum
712 2325 916 2420 suspiranti)
955 2320 1024 2398 καί
1046 2323 1211 2398 erneisi

158 2451 238 2504 σου
262 2427 393 2518 (patris
418 2427 566 2498 vultum
599 2450 684 2496 cum
709 2418 852 2523 pudore
876 2426 1095 2522 adspiciens)
1123 2419 1213 2499 urai

123 2562 125 2568 ·
160 2523 293 2606 οὐκέτι
327 2523 403 2618 εἰμι’
437 2515 547 2614 ἄξιος
579 2525 765 2619 κληθῆναι
794 2524 876 2616 υἱός
910 2549 1000 2603 σου.
1049 2527 1212 2623 Reliqua

104 2635 112 2650 “
159 2631 294 2719 verba,
321 2653 414 2728 quae
447 2654 572 2703 secum
595 2634 644 2720 (r.
677 2634 748 2724 ¹9·)
773 2627 927 2703 fecerat:
973 2627 1137 2720 ποίησόν
1166 2652 1214 2722 με

161 2731 218 2824 ὥς
247 2725 311 2807 ἕνα
341 2731 421 2806 τῶν
448 2731 616 2824 μισθίων
644 2753 722 2806 σου
755 2730 897 2825 (inepte
927 2727 972 2802 ab
998 2731 1144 2826 aliquot
1170 2731 1214 2802 li·

160 2837 292 2910 brariis
308 2859 348 2904 ·e
379 2859 413 2904 v.
432 2843 511 2929 -1'9.
543 2835 717 2930 repetita)
759 2833 960 2930 suppressit
998 2847 1063 2903 aut
1095 2832 1215 2904 animi

163 2936 343 3012 commoti
368 2959 501 3030 angor,
535 2955 600 3007 aut
624 2936 736 3034 patris
759 2936 885 3033 hilaris
910 2934 1047 3022 oratio,
1074 2935 1213 3006 osculis

163 3041 317 3136 aliisque
342 3035 449 3107 bonis
474 3035 607 3110 officiis
633 3041 759 3114 mixta.
816 3038 889 3108 Hic
912 3034 1012 3109 enim
1038 3035 1134 3107 nihil
1158 3062 1215 3108 re·

163 3159 296 3239 putans
319 3137 529 3233 praeterita,
561 3141 764 3236 alloquitur
786 3163 929 3228 seruos,
965 3152 1105 3208 vestem
1130 3163 1216 3232 pre-

87 3291 88 3298 κ
163 3245 309 3329 nesam,
326 3239 359 3334 *l
398 3241 596 3329 annulum,
634 3243 892 3332 calceamenta,
939 3235 1019 3311 lilio
1044 3243 1215 3314 restituto

164 3341 287 3422 efferri
309 3339 458 3432 iubens,
498 3365 724 3444 coenamque
752 3344 888 3418 laetam
915 3344 1127 3440 [cutemque
1152 3366 1216 3439 pa·

176 3478 382 3530 ........'..
949 3475 959 3514 t

242 3611 366 3670 minem
384 3605 513 3666 seruitia
530 3622 590 3664 tua
608 3601 679 3666 fere
698 3599 875 3664 obtrudere
894 3591 935 3680 (v.
954 3605 1002 3670 ιδ.
1022 3596 1243 3685 ἐκολλήθη)ο

244 3693 345 3766 hero,
383 3707 536 3750 annonae
556 3701 715 3766 tempore.
755 3685 955 3746 Concessum
980 3681 1048 3759 illi,
1067 3683 1216 3766 explere

244 3771 351 3832 alvum
369 3765 515 3845 reliquiis
536 3762 601 3824 cibi
620 3763 759 3841 porcini.
894 3821 896 3828 ,
959 3785 964 3788 ·
989 3781 993 3788 ·

187 3859 311 3948 1Μὴν
333 3855 458 3938 στολὴν
483 3855 544 3934 τὴν
573 3852 707 3941 πρώτην
736 3869 807 3912 non
831 3863 920 3912 recte
942 3849 1213 3910 Taroaanacrnr

243 3945 476 4022 interpretetur
495 3937 663 4023 ἀρχαίαν,
697 3939 855 4014 priorem,
875 3935 1061 4014 pristinam,
1093 3933 1214 4010 simpli-

208 4015 211 4035 '
246 4031 313 4090 tius
333 4025 482 4105 plurimi:
504 4027 639 4102 primam
658 4017 796 4091 honore,
815 4016 986 4096 dignitate.
1023 4015 1068 4078 At
1087 4035 1166 4074 sane
1180 4019 1212 4074 in

245 4105 412 4184 pristinam
437 4097 496 4158 lilii
524 4096 749 4160 conditionem
780 4105 813 4156 et
839 4096 912 4156 iura
930 4089 1029 4154 rediit
1052 4087 1118 4152 hoc
1143 4106 1212 4150 actu

244 4181 345 4260 patria
363 4175 478 4241 redux.
