2654 4988
67 601 175 652 mum
212 573 478 674 unisonus
516 592 727 675 quaesunt
767 575 843 650 duo
880 598 1121 660 monumenta

66 680 273 778 praecipua.

144 779 373 869 Nicodemo',
412 803 544 852 exorso
579 786 790 852 'sermonem
831 805 851 854 a
891 781 1120 878 professione

65 883 236 976 (minime
261 879 346 969 illa,
376 882 433 952 uti
460 881 634 954 credibile
660 899 733 968 est,
757 884 853 954 mala
880 902 943 955 aut
969 890 1117 988 astuta),

62 1011 143 1057 non
169 986 247 1056 sine
276 990 359 1056 Deo
388 1009 408 1056 a
443 989 525 1056 Iesu
563 1001 662 1056 tanta
692 986 866 1056 miracula
900 989 996 1060 edita
1030 1016 1116 1082 esse,
1166 991 1168 999 ’

64 1088 189 1160 statim
214 1087 560 1185 Christustradurit
585 1104 746 1158 mentem
771 1089 897 1175 adid,
933 1093 1032 1184 quod
1058 1091 1119 1164 fu·

63 1208 151 1262 turo
177 1189 283 1286 regni
308 1188 474 1260 coelestis
499 1189 573 1262 civi
598 1180 811 1262 tentantium
838 1189 1120 1286 perficiendum·

61 1291 137 1391 que
162 1294 229 1380 sit,
249 1309 292 1361 ut
312 1293 427 1363 sancti
450 1308 577 1363 coetus
603 1293 787 1364 consortio
815 1293 988 1386 potiatur.
1041 1302 1114 1370 De·

62 1418 143 1470 nuo
169 1395 391 1464 nascendum
424 1409 480 1464 est
502 1393 626 1464 animo
651 1392 830 1489 (formula
855 1393 1033 1470 Rabbinis
1058 1423 1117 1472 ae·
1187 1461 1198 1470 ..

63 1495 237 1594 qualibus
270 1520 344 1567 non
378 1495 539 1589 ignota),
586 1513 634 1566 ex
667 1521 739 1591 qua
778 1495 875 1568 vitae
909 1499 947 1568 in
982 1500 1115 1578 melius

61 1596 295 1694 sanctiusque
317 1596 610 1669 conformatione
635 1597 801 1696 singulae
827 1599 1001 1688 virtutes,
1025 1620 1068 1674 ut
1094 1631 1116 1678 e

61 1699 250 1772 foecundo
276 1698 401 1794 stipite
425 1701 537 1786 rami,
569 1701 773 1780 ducunturt
812 1695 963 1775 ἄνωθεν
991 1728 1116 1800 petrn-

61 1799 177 1892 θῆναι
216 1821 249 1887 3,
291 1821 323 1887 3.
385 1803 455 1890 (Ea
491 1799 763 1892 est-pertineto
801 1804 1115 1901 Synopticonuu.)

33 1935 35 1941 ’
60 1904 299 1998 Repetitque,
319 1921 552 1997 pervertente
575 1904 614 1974 in
641 1904 806 1999 ineptum
828 1931 973 1976 sensum
1000 1909 1116 1982 subli-

60 2030 167 2078 mem·
187 2029 316 2084 vocem
347 2007 571 2089 Nicodemo,
598 2030 663 2102 per
690 2007 822 2101 aquam'
847 2007 1114 2102 baptismalem,

62 2126 257 2180 externum
283 2109 431 2201 signum
456 2108 620 2179 internae
648 2108 833 2203 puritatis,
864 2126 901 2179 et
922 2135 986 2204 per
1010 2113 1121 2208 spiri·-

61 2227 165 2298 tum‚
208 2213 426 2284 sanctiorem
458 2210 555 2297 vim,
598 2233 690 2305 quae
730 2229 834 2306 regat
868 2210 1003 2299 vitam,
1043 2215 1115 2286 nisi

62 2311 261 2410 quisalius
285 2310 359 2398 fiat,
386 2313 573 2382 neminem
589 2310 819 2382 'intraturum
846 2337 1002 2408 regnum
1029 2318 1113 2390 Dei.

61 2439 98 2489 v.
127 2434 161 2501 5.
214 2413 282 2485 Sed
310 2415 407 2501 boc„
435 2436 508 2508 quo
536 2431 642 2510 parto
668 2412 750 2502 fiat,
790 2417 1019 2486 reconditum
1047 2435 1112 2504 est,
1214 2435 1223 2452 ’

62 2518 165 2616 quod
188 2542 234 2587 ex
255 2515 385 2587 intima
408 2516 523 2585 animi
549 2513 707 2587 efficacia
725 2534 857 2588 manat.
878 2539 911 2586 v.
932 2521 965 2588 6.
980 2541 1013 2604 7.
1041 2526 1114 2592 Res

62 2642 190 2692 arcana
216 2634 290 2704 est,
331 2617 545 2706 invisibilis,
587 2615 691 2688 cuius
724 2641 791 2688 nec
829 2617 1010 2714 originem
1045 2647 1114 2694 nec

62 2725 220 2794 modum
257 2719 314 2790 bis
356 2721 518 2813 corporis
558 2718 723 2790 sensibus
766 2719 988 2815 adsequeris,
1031 2724 1114 2798 vim

61 2821 311 2920 persentisces.
333 2845 368 2892 v.
394 2841 427 2905 3.
451 2857 502 2874 --
532 2827 578 2891 Et
604 2846 715 2916 quem
742 2819 779 2890 in
807 2823 960 2892 modum
987 2827 1114 2900 Moses

60 2941 268 3020 serpentem
293 2923 333 2992 in
358 2924 500 2994 deserto
525 2923 719 3009 exaltavit,
744 2921 915 2994 similiter
938 2928 1115 3023 Messinm

60 3026 262 3102 sublimem
288 3027 347 3117 (de
373 3028 494 3112 cruce)
518 3027 676 3119 pendere
700 3025 740 3095 in
764 3024 938 3114 farisest,
965 3045 1008 3098 ut
1032 3031 1115 3126 qui·

60 3154 207 3226 cunque
232 3129 273 3198 in
300 3152 384 3197 eum
409 3125 480 3197 fule
503 3123 640 3214 fertur,
679 3151 726 3196 ne
751 3127 923 3214 intereat,
971 3131 1033 3230 sed
1063 3132 1115 3206 vi·

61 3247 139 3302 tam
166 3233 363 3325 perennem
392 3247 629 3308 consectetur.
654 3269 703 3282 -—
738 3233 807 3300 Per
832 3248 990 3301 mortem
1016 3237 1114 3306 Mes·

61 3335 135 3404 siae
161 3333 355 3406 salutarem
388 3331 510 3406 vitalis
536 3333 611 3402 vita
646 3355 711 3424 per
744 3329 855 3402 fidem
882 3332 1031 3405 vivitur.
1062 3375 1114 3390 -

60 3442 159 3508 Nam
203 3458 248 3505 eo
281 3444 399 3528 nsque
441 3435 574 3504 dilexit
615 3440 766 3504 Numen
809 3435 991 3505 mundum
1031 3434 1113 3530 (τὸν

61 3540 234 3629 κόσμον,
274 3535 484 3604 mortalium
514 3559 628 3630 genus
654 3555 865 3628 perversum
896 3551 933 3604 et
959 3538 1116 3629 peccatis

62 3639 308 3722 immersum),
335 3652 379 3705 ut
404 3636 522 3707 lilium
550 3636 745 3731 unigenam
773 3637 874 3707 daret
897 3637 1026 3726 (morti
1047 3656 1116 3710 tra·
1160 3657 1165 3672 ¹

63 3743 211 3836 deret)r
228 3762 303 3837 quo
330 3737 396 3835 qui
422 3737 496 3810 fide
518 3738 556 3810 in
582 3763 668 3810 eum
695 3756 900 3810 constantes
922 3755 1019 3827 sunt,
1041 3764 1116 3814 non
1197 3768 1202 3777 ’

65 3843 250 3928 occidant,
277 3843 340 3914 sed
367 3841 442 3912 vita
469 3858 657 3916 aeteruum
686 3839 787 3912 beata
814 3838 1059 3937 perfruantur.
1079 3868 1113 3916 v.

66 3960 115 4035 14
133 3985 179 3996 --
209 3947 266 4015 16.
307 3981 362 4002 ·-
392 3949 480 4014 Non
503 3960 546 4014 ut
570 3945 704 4016 iudicet
736 3953 860 4032 (reum
882 3943 1047 4015 inveniat
1078 3960 1117 4015 et

63 4046 247 4144 supplicio
272 4036 409 4144 plectat
431 4045 481 4138 *))
507 4048 708 4147 mundum,
735 4044 868 4134 sedut
891 4039 1020 4134 seruet,
1047 4046 1117 4118 mi·

102 4261 138 4340 *)
155 4261 197 4324 V.
215 4258 334 4348 κρίνειν
351 4263 503 4320 virtutem
530 4262 672 4320 nativam
692 4273 764 4320 non
783 4261 927 4331 aminiu,
951 4255 1010 4320 red
1029 4255 1117 4326 tuda
1151 4249 1157 4259 ‘

818 4355 869 4424 ⁸10
882 4359 900 4394 '
