2608 4996
533 355 944 426 maipa-...-

220 513 277 588 do
292 511 340 588 sit
364 495 610 606 ampimudus.
658 501 757 581 Tum
777 519 887 580 suum
905 503 1039 602 cuique
1054 503 1179 578 datum
1196 503 1246 578 iri.

225 657 281 700 .···
305 621 482 712 Quaeres
508 634 624 708 quum
653 610 700 682 asi
724 631 805 682 eam
835 597 1090 704 disputationis
1116 627 1248 703 partem

225 718 422 816 pertineat,
450 727 619 810 quaeest
642 712 688 785 de
721 727 903 806 ternpore,
939 733 1014 806 quo
1038 710 1247 782 adventurus
1291 709 1293 814 l

226 821 275 894 sit
292 817 470 902 Christus,
496 816 613 908 deque
634 813 762 884 ceteris
780 811 908 899 rebus,
934 835 1021 882 cum
1040 813 1111 882 lroc
1140 813 1249 882 reditu
1292 835 1293 842 ¹

176 974 181 983 ·
226 919 446 1004 coniunctis,
467 940 583 1002 nuuc,
608 935 655 986 ne
674 936 932 1008 argumentum
946 913 1096 1008 postlssc
1112 913 1247 1008 copiose

224 1020 471 1104 tractandum,
508 1014 745 1111 praeripuisse
775 1013 982 1102 videamur,
1015 1014 1071 1086 his
1099 1015 1186 1086 satis
1211 1014 1249 1084 sit
1292 1105 1293 1112 ἵ

225 1126 390 1201 animum
405 1119 616 1203 advertisse,
644 1116 777 1212 quibus
794 1116 959 1188 videatur
980 1120 1148 1206 uniuetse
1163 1116 1248 1186 ouili·
1292 1145 1293 1152 ¹

223 1243 348 1303 totum
364 1221 506 1296 suimus
519 1241 719 1314 occupasse.

232 1371 236 1400 2
276 1351 307 1400 a.
359 1329 604 1418 opponuntur
622 1321 692 1391 sibi
712 1336 864 1416 reguum
887 1314 1026 1393 diaboli
1046 1336 1083 1390 et
1104 1343 1248 1416 reguum

226 1430 304 1515 dei,
330 1423 369 1500 oi
384 1421 460 1498 uici
476 1405 540 1510 rig
553 1419 772 1512 βασιλείας,
795 1421 951 1494 Messias
965 1438 1159 1492 sectatores
1179 1426 1249 1512 (nor

227 1525 551 1612 consummissi),
578 1524 766 1620 potissimo
791 1523 871 1594 iure
893 1522 938 1592 ad
957 1523 1144 1595 civitatem
1169 1523 1248 1616 obti-

226 1631 384 1706 nentiam
409 1617 592 1710 instructi,
627 1643 663 1696 et
688 1621 724 1696 oi
746 1620 822 1696 uiui
847 1622 920 1698 sod
945 1615 1115 1727 πονηροῦ
1143 1650 1177 1696 v.
1201 1643 1247 1709 33.

227 1731 285 1810 st.
299 1727 522 1816 σκάνδαλα,
549 1723 586 1798 ul
601 1725 795 1812 ποιοῦντες
812 1721 877 1814 riis
892 1719 1072 1816 ἀνομίαν,
1099 1743 1140 1796 et
1158 1721 1193 1798 oi
1206 1724 1248 1796 bi·

115 1889 123 1910 ,
227 1857 330 1912 nosos
347 1856 383 1902 v.
399 1849 460 1920 [μ.
478 1848 538 1917 45.
560 1829 617 1898 illi
638 1828 805 1924 praemiis
820 1827 973 1899 ornandi
993 1845 1029 1898 et
1050 1829 1087 1898 iu
1104 1853 1247 1926 regnum

226 1936 338 2033 patris
359 1927 558 2026 recipiendi
575 1956 610 2003 v.
633 1950 697 2022 43.
719 1929 757 2000 hi
780 1927 952 2000 extremis
972 1927 1161 2000 alliciendi
1182 1955 1248 2023 sup·

225 2037 345 2136 pliciis
361 2058 394 2105 v.
415 2052 475 2122 tor

276 2135 313 2210 b.
365 2123 584 2206 Communis
598 2129 685 2204 haee
699 2129 736 2202 ia
752 2133 806 2204 lu's
820 2132 922 2206 terris
936 2131 1171 2225 auspicanda,
1187 2157 1247 2202 uon

227 2235 297 2315 erit
325 2237 417 2310 labis
446 2260 590 2330 expers,
629 2259 704 2306 uon
736 2236 937 2328 purissime.
994 2237 1177 2304 Praevidit
1206 2231 1247 2304 rei

226 2341 427 2418 Messiauae
443 2354 569 2433 caput,
596 2335 674 2406 eius
691 2337 887 2430 potiundae
908 2335 1058 2430 cupidos
1083 2335 1165 2408 fore
1186 2359 1246 2406 nur

226 2460 370 2516 tautum
386 2438 518 2526 bonos,
534 2438 604 2520 *sed
625 2438 713 2508 item
736 2438 852 2508 malos
869 2453 906 2508 et
922 2461 1048 2531 paruus
1073 2437 1247 2510 confirma·

227 2563 303 2631 tos,
333 2541 464 2638 quibus
488 2555 585 2610 vetat
614 2540 710 2610 mals
740 2539 931 2610 sedulitate
956 2540 1097 2610 aditum
1116 2538 1246 2634 ‚negari

227 2664 328 2732 tum,
353 2659 405 2714 rte·
413 2667 517 2737 saepe
534 2658 691 2727 erretur,
718 2656 756 2710 et
777 2638 816 2710 hi
829 2653 994 2738 quoque,
1019 2641 1082 2736 qui
1100 2644 1170 2714 etsi
1186 2664 1247 2710 uon

228 2745 362 2842 optimi
386 2745 476 2830 siut,
502 2763 623 2816 tamen
643 2767 717 2814 nou
736 2741 807 2814 sint
830 2743 935 2829 mali,
962 2767 981 2813 a
1006 2761 1113 2814 coetu
1140 2745 1247 2816 exclu-

227 2852 373 2930 dautur,
398 2864 499 2932 tum,
524 2863 694 2940 utquam
719 2842 871 2937 plurimi
896 2843 1120 2916 adducuntur
1142 2847 1184 2916 ad
1202 2866 1246 2916 so·

227 2953 393 3030 eietatem
408 2972 519 3020 unam
536 2946 702 3017 omnuim
716 2944 915 3038 optabilem
941 2945 999 3036 (id
1026 2947 1126 3041 quod
1151 2947 1189 3018 ia
1203 2968 1245 3016 se·

227 3051 421 3150 questibus
445 3049 543 3120 varia
566 3045 804 3121 similitudine
824 3045 1000 3140 indicat),
1027 3048 1160 3143 quibus
1182 3043 1246 3143 qui-

228 3155 312 3230 dem
330 3150 470 3223 occasio
484 3173 558 3224 uon
575 3146 668 3220 desit
682 3147 870 3246 improbis,
889 3147 1072 3222 bonorum
1088 3148 1245 3244 exemplo

227 3251 466 3349 resipiscendi.

303 3357 342 3432 ld
363 3355 463 3428 idem
484 3367 736 3446 argumentum
762 3365 888 3424 tractat
907 3347 1054 3424 brevior
1077 3351 1243 3446 parabola,

227 3457 415 3530 Musaeo
430 3453 618 3550 peculiaris
634 3454 792 3551 solisque
805 3455 975 3550 apostolis
992 3453 1150 3550 privatos
1164 3454 1244 3526 inter

230 3601 435 3626 W

302 3671 471 3745 reperim,
491 3664 670 3726 tenendum
692 3679 750 3738 est,
770 3681 840 3726 nott
859 3667 922 3727 nisi
941 3664 1029 3739 aptitl
1047 3665 1243 3726 Massiuam

305 3753 356 3813 13,
377 3753 423 3820 59.
443 3749 556 3820 4ο.49.
589 3750 642 3819 ²4s
662 3751 691 3812 5.
725 3750 779 3812 28,
800 3761 846 3802 so.
881 3755 914 3800 et
945 3755 1105 3800 auctorem
1131 3762 1179 3818 ep.
1207 3733 1244 3796 ad

300 3818 471 3880 Hebraeos
488 3835 523 3894 9,
545 3815 590 3877 26.
618 3823 787 3893 scriptores
813 3834 891 3896 prae
912 3823 1023 3876 ceteris
1044 3817 1240 3883 iudaizantcs,

294 3897 445 3972 reperiri.
481 3893 590 3952 lns'ssse
610 3899 640 3952 ei
660 3893 790 3972 vestigia
810 3897 966 3952 notissimi
982 3892 1114 3951 ludaeis
1132 3892 1242 3951 seriori·

239 4013 259 4078 3‘
278 4005 280 4013 ·
302 3990 363 4052 bus
378 3990 567 4054 discriminis
581 3993 665 4051 iuter
681 4001 756 4090 rign
773 3975 868 4064 nisip
889 4003 921 4052 et
941 3999 1029 4098 ”ill
1048 3977 1143 4100 0259
1158 4004 1240 4048 nemo

300 4136 372 4179 nors
396 4113 493 4178 siuet.
538 4115 651 4176 Fusius
674 4115 716 4178 de
736 4085 793 4178 liis
815 4081 862 4179 'sd
885 4115 997 4180 losum
1025 4116 1067 4178 de
1097 4103 1240 4200 παρουσίᾳ

241 4239 246 4250 .
299 4192 492 4254 urendum.
701 4221 703 4226 ·

10 4197 17 4476 l

10 4477 26 4958 l
