2608 4996
327 367 464 425 '-··-·-·
504 379 581 450 ras·
626 400 743 420 --

42 537 123 612 stitit
135 535 231 620 πίε,
254 549 298 606 ut
310 532 365 610 his
373 533 476 606 'vitta
485 531 612 618 bonis,
634 529 678 604 ed
695 531 1055 608 bonadtisuimt‘ao·

44 639 200 736 quirende
225 651 261 712 et
283 635 396 708 vitem
422 659 505 704 vere
527 633 675 708 vitalem
698 633 950 728 perfruendam
979 648 1056 710 non

43 743 253 826 adiumento,
276 738 337 814 sed
356 735 618 831 impedimento
634 757 760 827 sponte
780 763 818 808 se
835 738 1002 812 abdicent
1017 755 1057 811 et

43 841 291 913 liberaliorem
311 862 394 913 rere
421 839 585 926 humana,
600 839 777 910 sentiendi
789 842 937 917 ratione
958 858 1056 914 totos

42 943 201 1014 imbuent
245 947 310 1018 Ex
321 943 449 1014 eodem
463 940 618 1010 similive
633 937 735 1010 fonte
752 939 895 1012 fluxisse
911 941 1057 1014 videtur

42 1045 294 1140 primaevorum
324 1057 493 1114 coetuum
520 1041 799 1112 christianorum
824 1044 870 1114 ad
898 1065 1066 1118 cornutum
1156 1129 1161 1146 1

43 1149 167 1220 arionem
179 1144 353 1218 bonorum
369 1165 542 1239 propensa
558 1144 735 1216 voluntas.
759 1181 810 1196 —

106 1253 158 1318 Ex
171 1246 227 1318 bis
240 1247 389 1340 quidem
404 1245 473 1314 boo
491 1261 608 1338 petet,
632 1250 752 1318 Lucae
773 1249 952 1338 peculiare
974 1271 1058 1322 core

42 1353 162 1428 silium.
187 1347 286 1441 quod
303 1347 496 1420 continenti
512 1347 670 1440 quodam
688 1369 728 1416 ac
743 1368 914 1441 perpetuo
926 1350 1060 1438 doctri·

43 1475 99 1521 me
114 1467 198 1544 typo
215 1449 409 1534 elucescat,
434 1463 498 1520 eut
517 1471 591 1518 uon
610 1451 697 1520 tntis
708 1465 788 1522 tute
811 1451 1058 1538 demonstrari,

44 1570 96 1622 aut
109 1550 205 1624 miris
222 1566 321 1622 certe
335 1549 461 1622 'modis
483 1553 651 1648 restringi
674 1549 814 1622 debere.
867 1559 985 1648 Atque
1003 1553 1060 1624 iu·

44 1670 89 1724 tre
106 1654 166 1724 bos
187 1650 279 1722 lines
296 1653 424 1724 criticis
445 1650 513 1725 erit
538 1649 817 1730 subsistendum.
865 1658 942 1724 Nec
962 1655 1061 1726 enim

44 1757 81 1824 de
92 1751 249 1851 fontibus
271 1753 615 1826 commentariorum
630 1759 748 1824 Lucae
767 1753 852 1825 setis
876 1772 930 1826 est
949 1781 1060 1850 ertpe-

43 1857 106 1928 dita
122 1853 302 1950 quaestio,
324 1877 390 1926 nec
411 1854 593 1942 omnibus,
619 1879 710 1950 qnae
731 1855 919 1950 proposito
948 1855 1062 1953 (quod

44 1957 201 2052 sumitur)
216 1957 484 2028 accommodata
501 1973 719 2042 censeantur,
740 1961 821 2028 lesu
837 1957 940 2026 dictis
955 1982 1063 2030 usum

44 2059 238 2152 reperimus,
262 2074 298 2128 et
313 2079 435 2128 rursus
454 2057 611 2130 eliorum
629 2056 773 2130 brevius
788 2075 824 2128 et
842 2052 894 2145 ὡς
909 2049 945 2132 ἐν
963 2083 1064 2166 nup·

46 2159 117 2258 ὁδῳ
137 2161 406 2232 enuntiatorum
429 2160 504 2230 vim
529 2183 605 2232 esse
629 2158 921 2254 praemeditatam
944 2183 1071 2256 teger·-

44 2263 125 2334 rime
146 2263 297 2334 concedi
320 2278 454 2357 potest,
479 2262 529 2334 ita
558 2279 620 2350 ut,
650 2265 681 2334 si
701 2263 856 2338 rationes
879 2265 1065 2359 utrimque

47 2365 156 2452 duces,
172 2381 209 2434 et
223 2365 448 2438 numerando
464 2387 542 2434 rem
558 2359 763 2436 confectum
780 2363 827 2435 iri
837 2365 973 2452 credes,
990 2389 1065 2436 nou

47 2465 217 2561 desperare
234 2465 383 2552 debeas,
409 2465 455 2536 de
470 2465 670 2564 detegendo
688 2464 799 2536 simili
813 2491 848 2538 v.
867 2489 897 2536 c.
912 2465 954 2536 in
970 2471 1066 2538 Met·

47 2567 198 2640 tlueiano
220 2567 410 2638 volumine
433 2589 552 2662 scopo.
604 2565 822 2648 Differeutir
846 2568 964 2638 omnis
980 2593 1067 2640 cum

23 2691 29 2704 ·
48 2671 86 2740 sit
96 2695 164 2742 nou
182 2670 220 2740 in
237 2694 277 2740 re
291 2670 390 2764 ipsu,
410 2669 471 2740 sed
488 2669 529 2740 in
545 2693 752 2740 sermonum
778 2670 824 2740 de
846 2669 912 2738 bec
935 2693 974 2740 re
997 2667 1067 2740 fra·

49 2773 199 2866 quentis,
226 2795 335 2867 quem
353 2768 492 2842 lubrica
505 2771 590 2842 inde
605 2769 668 2842 liet
684 2789 721 2842 et
735 2767 867 2842 incerta
891 2795 995 2864 saepe
1013 2794 1068 2840 er-

48 2890 97 2942 ret
116 2874 327 2970 dispututio,
354 2897 400 2945 err
425 2871 499 2960 bis,
526 2896 613 2968 quas
637 2872 760 2969 posui,
784 2871 897 2942 causis
918 2869 1070 2942 menife-

49 2991 134 3046 stum
148 3001 221 3050 esse
240 2974 428 3046 existimo.
485 2979 527 3044 V
525 2977 745 3048 oluntnrinm
767 2989 887 3046 umen
911 2973 1069 3060 suasisse,

49 3074 116 3147 imo
136 3075 442 3148 commendavisse
464 3077 670 3148 Dominum
695 3085 963 3173 paupertatem,
997 3098 1072 3146 cre-

51 3177 152 3250 dibile
167 3195 230 3250 est.
251 3178 284 3264 *)
311 3217 361 3234 -
632 3269 635 3276 ⁴

115 3285 155 3350 ln
177 3283 243 3352 hac
265 3279 380 3377 igitur
406 3304 478 3350 une
502 3279 668 3352 omnium
697 3277 972 3352 celebratissima
995 3302 1074 3350 oro·

51 3380 159 3470 tione,
182 3405 292 3478 quam
321 3381 424 3476 regni
449 3381 564 3454 divini
587 3407 766 3482 rrrngrmm
789 3383 953 3456 charram
975 3380 1075 3476 inge·

52 3481 144 3554 niose
164 3482 258 3555 dixit
282 3487 516 3570 Heanuuus,
540 3479 785 3557 institutiones
799 3481 888 3556 iuris
905 3483 1006 3578 tegni
1021 3480 1076 3554 di·

52 3582 121 3654 vini
138 3601 221 3680 apte
244 3587 442 3681 appellavit
466 3589 678 3674 Gnrrzrur,
711 3587 782 3658 hoc
804 3585 880 3684 egit
899 3590 1075 3671 Servetur,

55 3745 248 3768 ..ιι-ιι·-

70 3830 188 3910 ⁴¹)Norr
208 3831 292 3892 male
308 3835 503 3910 comparavit
523 3803 639 3894 Gnirz.
661 3799 783 3894 Commi
798 3832 834 3892 t'n
847 3829 947 3892 Meet.
967 3826 991 3890 1.
1011 3835 1078 3898 280·

120 3905 356 3970 Mubarnmedis
390 3908 609 3985 disciplinam,
641 3906 841 3987 parapen'bus
871 3908 1079 3987 praecipuam

118 3998 240 4076 purtem
266 3987 311 4046 in,
326 3983 544 4077 percipiendir
565 3983 706 4076 Paraditi
731 3983 857 4078 prodiit
874 3982 1080 4076 ‘adsignantis

122 4072 154 4118 et
172 4073 358 4140 quingentis
377 4073 453 4120 ente
472 4059 585 4154 dryrtas
613 4077 704 4120 tnmt
731 4071 851 4120 iuuare
873 4055 1024 4118 rubentia.
1042 4081 1081 4102 -··

123 4129 1012 4291 sistristttttristtbtsiis⁰tl⁸“·
1029 4149 1082 4191 ‘⁰'
