2734 4998
534 338 936 406 -elll--vu

214 503 462 600 *missimeque
485 499 707 592 tenendum,
767 499 901 576 Solum
923 501 1029 574 enim
1044 501 1156 602 vlam
1173 523 1260 576 mu-

217 610 299 681 niet
322 623 461 680 certam
481 607 530 688 ad
548 601 790 680 condendam
815 605 987 696 (tandem
1014 605 1216 700 aliquando
1228 601 1261 696 l)

216 711 563 784 henneneuticenN.
577 713 622 780 Τ.
636 709 844 801 specialem,
870 707 976 780 euius
993 725 1122 782 nostra
1138 723 1263 779 aetate

107 857 126 920 .'
209 837 268 884 ne
283 811 402 906 p'rima
417 809 570 906 quidem
584 799 833 884 fundamenta
849 807 943 883 iacta
954 807 1148 896 videmus,
1163 799 1260 881 fvera

218 915 286 986 illa
296 912 448 1008 quidem
465 927 503 982 et
518 910 640 982 solida
655 909 862 1007 philologia
875 909 985 981 unice
994 906 1160 1008 dignam,
1179 912 1262 982 sive

218 1012 567 1106 interpretationem
582 1011 768 1084 librorum
783 1033 973 1120 sacrorum
989 1030 1160 1113 exsertat
1174 1013 1267 1107 ipsis,

218 1113 519 1189 instituendam
556 1115 672 1201 (Eam
683 1137 773 1186 vero
791 1111 1100 1184 hermeneuticen'
1120 1113 1262 1208 specia-

105 1225 106 1230 ’
150 1221 153 1225 ’
187 1227 190 1237 ·
219 1219 298 1292 lom
322 1232 475 1286 tantum
505 1211 628 1305 abest,
660 1231 705 1286 ut
725 1216 768 1289 V.
792 1219 837 1288 Τ.
862 1213 1081 1310 interpretes
1108 1211 1262 1286 felicius

135 1321 139 1344 ¹
220 1335 382 1391 tractent
396 1316 512 1412 inque
527 1317 607 1389 dies
630 1316 750 1415 magis
773 1309 989 1411 perficiant,
1015 1317 1262 1412 utpermulti

154 1439 158 1450 ’
219 1445 270 1492 ne
287 1419 525 1514 suspicentur
541 1419 694 1514 quidem
716 1417 845 1498 adesse
862 1434 899 1488 et
913 1441 1024 1512 posse
1042 1434 1080 1488 et
1098 1413 1262 1513 debere.)

139 1553 146 1570 =
218 1529 366 1594 Tamen
382 1521 471 1591 huic
492 1521 557 1616 qui
580 1543 620 1592 se
641 1520 955 1594 constantissime
968 1519 1140 1591 dederint
1165 1513 1263 1590 divi-

165 1693 167 1700 t
220 1621 507 1717 nosscriptores
530 1621 713 1694 tractandi
729 1622 1013 1716 explicandique
1032 1619 1172 1709 modo,
1196 1615 1264 1694 da-

221 1725 319 1796 bunt
337 1723 411 1796 soli
426 1723 629 1818 aliquando
646 1726 869 1824 theologiam
889 1723 1074 1812 biblicam,
1096 1723 1168 1792 hoc
1190 1746 1263 1792 no·

220 1829 325 1909 mine
350 1825 520 1921 dignam,
556 1826 751 1916 arrisuram
778 1849 860 1896 non
883 1841 1031 1896 tantum
1061 1825 1262 1920 theologis,

222 1929 287 2002 sed
311 1925 506 2015 omnibus,
540 1927 607 2023 qui
630 1926 791 1998 rationes
812 1927 1004 1998 historicas
1030 1943 1138 2022 atque
1155 1927 1264 1996 chro-

220 2031 410 2126 nologicas
420 2029 550 2100 sedulo
564 2030 747 2102 aestimari
762 2046 799 2100 et
814 2027 998 2114 adhiberi,
1013 2029 1114 2098 nihil
1124 2044 1265 2098 temero

190 2169 192 2180 ·
221 2133 362 2228 statui,¹
378 2155 485 2204 suum
498 2134 624 2226 cuique
636 2133 803 2226 scriptori
819 2132 945 2216 tribui,
963 2130 1063 2200 varia
1078 2147 1264 2226 tempora,

221 2234 372 2330 ingenia
391 2232 509 2320 varia,
543 2233 661 2304 varias
686 2231 872 2304 scribendi
894 2225 1106 2323 occaiio'nes
1129 2247 1166 2301 et
1195 2256 1266 2326 op-

220 2333 467 2433 portunitates
501 2349 538 2404 et
562 2332 876 2430 generedicendi
907 2331 1182 2410 accuratissime
1205 2331 1265 2402 di-

223 2435 384 2531 stingui,
406 2459 491 2506 non
502 2436 753 2530 antiquiorum
770 2435 1015 2530 interpretum
1033 2434 1266 2532 dogmatico·

221 2555 353 2610 rumve
375 2559 479 2606 more
502 2537 635 2608 misere
664 2533 848 2608 confundi
878 2555 987 2632 atque
1015 2534 1262 2624 commisceri,

135 2678 137 2680 ·
222 2637 328 2713 brevi
351 2655 393 2708 ut
415 2636 554 2726 dicam,
582 2639 802 2738 philologice
823 2655 931 2736 atque
954 2639 1119 2710 historice
1139 2635 1262 2710 libros

221 2757 371 2813 nostros
410 2741 557 2812 tractari
591 2753 734 2829 amant,
780 2757 981 2836 amantque
1018 2739 1114 2811 hanc
1146 2738 1263 2810 ratio-

221 2865 310 2924 nem
326 2864 476 2929 omnes,
503 2841 568 2939 qui
588 2844 731 2914 sincero
750 2841 873 2914 animo
891 2840 986 2937 bene
1008 2841 1162 2937 cupiunt
1177 2835 1262 2912 lite·
1306 2835 1310 2843 ’

156 2987 159 2999 ·
222 2943 558 3039 tistheologicis„
605 2941 678 3015 Sed
708 2944 756 3016 de
781 2944 840 3016 his
866 2943 955 3015 alias
978 2939 1119 3024 fusium
1155 2964 1264 3012 nunc

222 3045 325 3116 unde
354 3041 555 3132 aberravit,
586 3069 631 3116 eo
654 3047 731 3116 iam
759 3045 886 3127 redeat
911 3044 1041 3116 oratio.
1069 3093 1072 3098 -
1096 3047 1265 3114 Monent

222 3147 335 3219 hodie
357 3147 555 3235 nonnulli,
597 3171 646 3218 ne
678 3147 719 3219 in
753 3148 941 3220 didacticis
968 3143 1121 3242 quidem
1145 3139 1193 3215 N.
1211 3149 1262 3216 T.
1358 3191 1359 3220 i

224 3245 570 3342 scriptoribushano
581 3249 749 3344 regulam
761 3248 837 3318 nisi
853 3250 997 3318 summi
1008 3247 1181 3318 cautione
1199 3243 1263 3316 ad*
1358 3269 1359 3316 1

222 3349 424 3420 hibendum
442 3373 538 3437 esse,
556 3361 684 3444 quam,
710 3352 742 3421 si
757 3367 906 3422 strenue
921 3349 1123 3420 servaveris
1133 3400 1152 3435 „
1160 3371 1262 3446 egre·
1358 3355 1359 3366 ’

224 3453 328 3549 gium
349 3449 482 3520 habeas
508 3451 656 3522 critices
682 3448 904 3548 factitandae
928 3449 1263 3550 interpretationis·

223 3577 296 3650 que
327 3551 540 3649 dirigendae
574 3553 810 3648 praesidium.
826 3549 865 3648 *)
924 3549 1014 3624 Non
1044 3551 1146 3644 enim
1171 3549 1262 3622 satis
1358 3587 1359 3602 κ

1055 3653 1059 3686 l

224 3705 427 3744 -ω--ι-ᾲί-Ηᾶ

241 3795 464 3876 l¹)Tarandus
483 3791 563 3854 mibi
580 3789 709 3854 videtur
724 3795 924 3858 anztcmus
945 3787 1263 3868 (ComminMattk.

298 3873 373 3934 Exc.
392 3881 421 3941 3.
449 3891 481 3947 pi
500 3878 558 3948 849
582 3872 668 3950 sq.),
703 3869 894 3930 Gansnosru
912 3877 1102 3930 meritorum
1128 3874 1263 3946 iniquus

300 3951 513 4017 existimator,
552 3952 607 4024 qui
635 3948 735 4005 nimia
760 3949 909 4023 prolecto
936 3945 1067 4004 levitate
1096 3943 1137 4002 de
1166 3941 1262 4002 b'uius

298 4028 356 4082 viri
386 4015 611 4080 honestissimis
642 4019 811 4079 conatibus
842 4021 1030 4097 disputavit,
1067 4027 1165 4100 quem
1191 4035 1264 4076 non

298 4097 440 4158 debebat
462 4097 563 4177 gloria
586 4117 642 4172 sua
659 4079 967 4170 defraudare'velle.
1003 4093 1067 4154 Ve'l
1086 4107 1263 4172 propterea
1358 4093 1359 4102 ’

298 4188 368 4234 rein
392 4172 478 4234 male
506 4171 599 4252 regim
625 4173 717 4252 <ruod
747 4167 935 4234 didaelieos
960 4181 1061 4250 etque
1089 4165 1264 4230 historicos
1358 4177 1359 4260 l

455 4497 493 4622 l
