2608 4996
560 361 794 435 *³143
845 369 980 402 ·-2-·

311 513 485 612 Sequitur
497 529 606 609 ceput
621 513 916 588 Matthaei‘xm.
925 510 1111 586 nelertuin
1126 511 1253 610 perebo
1285 605 1286 614 ἵ

241 618 306 707 lit,
343 629 450 718 regni
460 618 596 690 --dt'oini
623 620 1059 713 rosiones-'mturamque
1077 617 1253 688 'illustran-

241 721 378 792 tibus..

317 827 478 918 Quarum
506 833 700 916 antequem
719 831 919 892 ‘recensum
942 817 1194 906 exhibeamus,
1215 819 1254 886 vi·

133 980 138 992 ,
240 923 347 996 detur
364 945 405 993 ea
419 921 591 994 dissensio
611 919 866 994 consideranda
889 919 1121 1016 bseviterque
1143 919 1253 991 diiudi-

239 1024 371 1113 canda,
398 1047 490 1119 quae
511 1046 620 1114 super
642 1025 905 1118 comitisque
927 1045 1013 1094 usus
1037 1020 1154 1094 fuetit
1174 1045 1255 1117 pen·

238 1124 364 1198 bolico
387 1122 701 1222 generedicendi,
725 1123 868 1220 inipso
886 1123 1020 1197 Christi
1036 1125 1198 1198 oratioue
1214 1119 1254 1193 of-

237 1224 399 1329 fantur·-

243 1367 247 1376 ‹
310 1332 439 1417 Loca,
459 1323 505 1398 de
536 1324 670 1423 quibus
691 1325 903 1424 ·quaeritur,
932 1343 1036 1402 sunt:
1074 1327 1188 1400 Mtth.
1213 1346 1254 1414 13,

243 1449 401 1518 10-17.
422 1431 497 1500 Mc.
513 1443 557 1519 4,
586 1452 741 1500 to-se.
767 1434 853 1502 Luc
872 1447 915 1516 8,
943 1455 977 1523 9.
999 1453 1056 1502 ιο.

285 1557 288 1564 ’
313 1537 362 1602 Et
382 1531 597 1604 Matthaeus
622 1531 770 1626 quidem
797 1547 933 1620 narrat,
960 1532 1166 1619 Christum,
1189 1536 1254 1628 post

238 1631 447 1728 parabolam
467 1636 512 1702 de
532 1649 649 1704 satore
674 1630 905 1727 seminisque·
918 1634 1015 1704 varie
1037 1633 1166 1706 indole
1189 1655 1253 1729 pro

238 1735 413 1830 positam,
424 1757 456 1803 ·e
470 1733 656 1827 discipulis
669 1732 957 1830 interrogatum,
980 1761 1045 1808 cor
1060 1737 1128 1808 hoc
1143 1758 1254 1836 genere

238 1839 413 1909 sermonis
436 1859 561 1908 coram
583 1838 718 1930 populo
748 1852 888 1923 utatur,
922 1838 993 1908 hoc
1017 1838 1185 1932 tesponsi
1208 1837 1253 1906 de

240 1936 352 2024 disse,
373 1960 514 2008 caueam
532 1959 622 2023 esse,
650 1937 748 2032 quod
770 1937 863 2008 solis.
873 1939 1047 2030 apostolis
1071 1940 1175 2032 regni
1191 1961 1253 2008 coe·

237 2039 361 2110 lorum
390 2061 514 2110 arcana
536 2037 777 2134 cognoscendi
803 2035 954 2110 facultas
982 2041 1082 2129 date,
1110 2041 1185 2111 illis
1206 2063 1252 2110 ne

137 2159 139 2170 ¹
237 2138 398 2236 gatasit3
423 2134 598 2234 offertque
613 2164 714 2212 suam
732 2138 773 2210 iu
798 2159 941 2210 causam
955 2141 1062 2213 verba
1084 2143 1214 2214 huniae
1227 2145 1252 2224 6,

184 2265 187 2276 ·
225 2267 273 2334 .9·
301 2264 356 2312 ιο.
383 2238 479 2332 (ὅτι
505 2238 708 2330 βλέποντες
721 2234 780 2312 -οὒ
801 2239 991 2330 βλέπουσι
1008 2267 1043 2318 κ.
1060 2264 1096 2317 t.
1115 2236 1183 2338 ti),
1207 2267 1252 2312 eu·

236 2343 295 2412 ius
316 2341 459 2434 plenius
483 2343 622 2412 dictum
644 2341 764 2412 statim
792 2345 1169 2437 apponitn.1·4.15.:
1201 2338 1251 2418 καὶ

199 2509 203 2516 .
238 2437 526 2546 ἀναπληροῦται
565 2436 697 2528 αὐτοῖς
727 2437 748 2531 ἡ
781 2446 1000 2546 προφητεία
1029 2437 1250 2532 Ἡσαΐου,ἡ

237 2535 426 2640 λέγουσαι
460 2535 560 2635 cinei
575 2535 781 2631 ἀκούσετε,
804 2542 870 2618 καὶ
889 2541 938 2619 oti
955 2543 1003 2640 μὴ
1024 2544 1181 2638 συνῆτε,
1203 2543 1252 2620 καὶ

236 2639 651 2742 diducente-diedesi,
677 2642 744 2720 stol
761 2640 817 2718 od»
830 2642 883 2738 μὴ
903 2645 1062 2739 linteas
1082 2670 1118 2724 τ.
1139 2642 1167 2725 ἕ.
1193 2671 1251 2746 quo

235 2745 319 2832 ille,
331 2801 333 2808 ,
343 2745 432 2844 quid
446 2744 514 2816 sub
531 2745 698 2842 auspiciis
711 2747 871 2820 muneris
886 2751 943 2820 sui
957 2750 1081 2822 divino
1097 2751 1196 2825 iussu
1211 2748 1251 2820 di·

236 2847 392 2920 cendum
407 2846 456 2918 sit
475 2847 729 2944 popularibus,
755 2872 913 2944 quorum
935 2851 1090 2946 pessime
1114 2852 1251 2926 eratin·

235 2949 357 3037 doles,
390 2949 564 3021 enuntiat.
586 2985 637 3004 -
659 2979 663 2990 ·
684 2950 801 3022 Facile
823 2951 1076 3048 igitur-patet,
1107 2971 1251 3028 emente

234 3051 339 3122 huius
360 3051 639 3148 Evangelistoe,
665 3075 740 3122 non
762 3077 865 3147 spem
884 3057 1117 3149 praeclusisse
1137 3053 1251 3128 Domi·

235 3175 326 3220 num
343 3149 444 3252 plebi
465 3151 620 3238 rudiori,
646 3153 690 3226 ad
707 3154 891 3230 doctrinae
913 3181 998 3228 suae
1019 3159 1190 3230 hactenus
1209 3174 1249 3226 te·

235 3266 312 3322 ctae
322 3269 364 3323 ‚et
375 3251 597 3340 reconditae,
619 3254 867 3351 cognitionem
889 3253 1123 3356 fructumque
1139 3280 1250 3356 parve

233 3351 378 3441 niendi,
402 3353 465 3441 sed
480 3353 577 3426 viam
589 3355 794 3428 munivisse.
844 3363 941 3428 Nam
957 3355 1017 3432 ὅτι
1036 3361 1158 3458 (quia)
1181 3385 1249 3432 cou-

233 3457 310 3528 δαῖε
324 3471 396 3549 est,
418 3456 644 3552 traducitque
661 3458 861 3530 orationem
880 3459 924 3528 ad
948 3465 1187 3544 conditionem
1204 3484 1249 3530 ae·

235 3555 417 3652 qualium,
443 3582 534 3653 quae
550 3559 621 3630 tale
636 3580 749 3654 genus
763 3559 905 3631 dicendi
921 3563 1093 3656 postulet.
1144 3562 1248 3642 Imbe-

235 3658 424 3729 cillitatem
439 3661 675 3747 adstantium,
701 3685 860 3758 quotum
873 3664 1008 3735 vmentis
1028 3665 1119 3736 acies
1136 3665 1247 3737 obcae

234 3775 311 3832 cetu
330 3759 378 3831 sit
398 3759 739 3854 praeconceptarum
761 3761 977 3858 opinionum
998 3765 1054 3853 vi,
1086 3767 1247 3838 Iesaiano·

233 3885 316 3934 rum
328 3862 562 3956 popularium
575 3863 738 3936 indolem
753 3862 1002 3958 referentium,
1021 3891 1101 3941 non
1111 3867 1195 3966 pati,
1213 3877 1246 3932 ut

301 4111 416 4244 gentis
436 4103 552 4166 Christi
572 4123 647 4200 erga
666 4105 800 4201 loannis
825 4107 1001 4203 discipulos
1028 4103 1115 4172 dicta
1139 4117 1245 4172 censeo

328 4182 369 4244 ed
388 4202 406 4244 a
425 4201 512 4243 nexu
531 4179 594 4244 hoc
612 4183 740 4246 videtur
760 4183 906 4247 citemus.
