2654 4988
367 415 511 438 ...-
562 377 638 474 463
691 411 806 434 ...-

75 549 263 626 cerdotele
283 547 413 624 odium
439 545 482 620 ei¹
500 545 654 671 obstitit,
678 565 717 622 et
737 547 946 622 libertatem
966 551 1054 642 cris,
1077 547 1127 626 ιιι

74 657 184 728 citius
212 651 368 726 consilio
400 675 468 722 suo
501 655 614 726 nrorti
622 653 801 772 daretur,
840 653 1019 741 coercuit,
1057 671 1127 728 nec

1 811 2 814 ,
75 756 311 830 imbecillitas
326 754 517 845 comitum,
541 755 659 853 quiin
678 755 897 852 oppidulum
917 754 991 826 cibi
1003 782 1127 831 emen·

1 845 2 872 ¹
75 859 115 934 di
139 872 244 930 causa
270 855 374 930 missi
399 883 419 928 u
443 861 558 930 latere
585 859 835 946 discesserant,
877 881 925 930 ue
957 851 1060 930 alio
1058 878 1127 932 tra·

1 983 2 986 ’
74 967 251 1034 herentur
293 961 423 1048 verba,
472 961 676 1034 sollicitum
723 957 897 1031 reddebat
945 960 1124 1036 animum.

1 1079 2 1150 ζ
75 1064 231 1158 Cognita
256 1063 422 1134 mulieris
445 1061 605 1158 simplici
618 1062 744 1133 indole
762 1079 799 1136 et
812 1061 871 1134 ad
874 1061 987 1132 animi
1002 1087 1126 1135 emen·

73 1167 262 1239 dationem
288 1181 384 1236 recta
419 1168 629 1252 voluntate,
666 1165 805 1236 detecta
826 1163 1037 1274 cupiditate
1069 1191 1126 1238 re·

28 1318 32 1327 ,
73 1293 160 1341 ιιιιιι
189 1268 397 1340 diuinarum
421 1265 681 1355 institutionis,
727 1277 827 1355 (nam
860 1258 1058 1362 agnosceris
1084 1268 1126 1342 in

1 1389 2 1450 j
74 1373 158 1442 viro
189 1369 303 1442 sibi
291 1368 482 1466 incognito
511 1369 711 1464 prophetae
738 1368 955 1466 gravitatem
988 1369 1126 1488 perspi
1166 1408 1174 1419 ·

1 1467 2 1554 J
74 1497 145 1548 cue
168 1492 376 1544 sermonem
408 1472 453 1541 ad
483 1493 538 1542 res
566 1493 685 1542 sacras
715 1487 753 1541 et
789 1471 897 1541 litem
930 1471 1125 1568 utriusque

1 1578 2 1662 j
74 1575 193 1672 gentis
216 1571 398 1644 famosam
424 1573 644 1663 traduxerat)
668 1571 885 1698 praemissae
903 1595 938 1644 v.
964 1591 1022 1657 25.
1049 1597 1126 1644 ora

74 1677 193 1750 rionis
220 1667 392 1763 oibu,‘'
367 1697 428 1748 οτι
458 1674 638 1761 Μεσσίας
645 1670 850 1796 ἔρχεται·
893 1667 938 1766 (ὁ
966 1671 1126 1794 λεγόμι·

1 1781 2 1791 ’
76 1803 141 1864 νος
164 1778 371 1882 Χριστόςῆ
355 1775 496 1863 >drap
522 1769 656 1870 ttsp’
640 1771 795 1864 εκεῖνος,
822 1769 1056 1900 ἀναγγελεῖ
1040 1773 1125 1869 ημῖν

76 1880 205 1954 πάντα
230 1879 391 1949 adnectit
425 1901 639 1973 responsum
673 1903 709 1949 v.
739 1883 817 1951 ι6..
858 1871 939 1976 ἐγώ
971 1875 1124 1970 eipt‚o

75 1979 212 2054 λαλῶν
246 2000 323 2053 σοι.
380 1981 651 2074 Superveniunt
676 1978 872 2051 familiares
902 1983 949 2070 (v.
983 1999 1041 2070 ιγ.
1064 1971 1126 2054 ἐπὶ

76 2080 214 2180 τούτῳ
248 2084 332 2172 cet.)
366 2081 557 2171 mirantes,
605 2083 696 2177 quid
736 2081 1000 2154 sermocinetur
1037 2106 1125 2156 cum

76 2187 251 2270 muliere,
279 2207 367 2280 ergo
393 2184 433 2253 in
458 2185 513 2255 his
538 2181 801 2254 terminabatur
827 2183 953 2260 oratio.
1002 2187 1054 2254 At
1077 2180 1125 2254 il·

74 2291 129 2375 la,
157 2313 198 2357 re
216 2301 318 2358 tantu
340 2285 607 2358 communicata
633 2291 717 2355 oum
739 2283 889 2371 incolis,
917 2280 1053 2372 effecit,
1079 2301 1125 2358 ut
1230 2309 1238 2324 “

76 2387 301 2462 confluerent
326 2386 370 2457 ad
396 2411 481 2472 eum
507 2385 741 2472 Samaritani,
767 2387 910 2459 visendi
934 2387 1125 2458 audiendi·
1155 2437 1159 2450 ·

1 2561 2 2568 ,
77 2514 151 2588 quc
188 2490 362 2561 Moesiam
398 2489 541 2584 cupidi,
582 2506 620 2560 et
653 2489 900 2560 deversorium
938 2484 1124 2562 offerrent.

74 2601 330 2665 Commoratus
363 2615 430 2685 per
469 2592 578 2662 duos
599 2591 675 2661 dies
713 2593 891 2687 persuasit
930 2590 1123 2665 omnibuse

1 2751 2 2774 2
73 2694 136 2770 ὅτι
161 2687 265 2768 ἐστὶν
290 2687 491 2783 ἀληθῶς
471 2717 494 2765 o
518 2687 653 2797 σωτὴρ
675 2692 749 2766 τοῦ
773 2687 1002 2811 κόσμου,
981 2717 1004 2764 o
1029 2699 1124 2801 Xpr·

1 2869 4 2878 ,
74 2796 182 2883 στός.
208 2801 255 2888 (v.
285 2811 334 2886 [γι
338 2797 361 2885 .)
432 2801 597 2891 Quorum
632 2794 959 2893 colloquiorum'
931 2819 962 2866 ει
985 2793 1030 2864 ad
1054 2820 1123 2870 nos

1 2913 4 2951 ³
72 2899 299 2996 pervenisset
331 2897 529 2985 memoria,
568 2897 739 2968 candidos
767 2899 863 2968 inter
894 2896 1124 2979 auditoresa

73 3001 207 3072 divino
228 3000 377 3070 douore
402 3016 605 3087 sertorum,
654 2997 917 3087 „admirabiles
951 3005 1012 3090 (ut
1036 3023 1124 3074 cum

1 3095 3 3160 Ῑ
72 3101 203 3174 Tullio
228 3102 375 3197 loquar)
415 3101 613 3172 excitarent
644 3123 786 3174 amores
821 3101 914 3172 sui.“
978 3101 1123 3175 Periere

4 3247 7 3286 ;
71 3225 287 3298 temporum
309 3199 518 3300 naufragio,
564 3203 615 3275 ita
648 3220 700 3274 ut
721 3229 787 3324 per
812 3202 1124 3278 commerciuma

1 3329 7 3376 ι
73 3305 192 3378 doctis
225 3305 436 3386 hominibus
469 3306 683 3404 magnisque
707 3307 795 3379 viris
820 3329 906 3377 cum
931 3305 1123 3378 samarita
1136 3307 1142 3324 ⁸

1 3491 5 3498 ,
72 3425 144 3482 nae
168 3409 285 3502 gentis
320 3397 485 3504 reliquiis
510 3409 721 3480 restitutum
756 3409 859 3480 nulla
884 3407 929 3477 ad
955 3427 1022 3478 nos
1047 3431 1125 3480 ma·

22 3517 24 3521 ’
70 3511 216 3584 navarit
240 3509 400 3597 notitia
394 3509 440 3582 si
463 3508 622 3582 discedas
646 3533 666 3581 a
689 3509 858 3607 populari
882 3508 1059 3605 opinione
1076 3511 1125 3584 de

1 3669 4 3702 :
68 3613 208 3686 Massia
234 3609 408 3702 venturo,
447 3635 594 3684 morum
630 3637 775 3684 censore
809 3628 847 3682 et
876 3613 1122 3686 emendatore.
1194 3635 1196 3644 ·

71 3707 262 3811 Quantum
288 3715 384 3785 ha'ec'
400 3715 485 3784 talia
510 3714 729 3786 adiuvissent
744 3711 963 3786 Christianos
984 3713 1024 3784 in
1042 3738 1123 3813 per·

3 3865 7 3880 .
70 3819 234 3906 videndo
266 3817 441 3886 interiore
466 3816 599 3888 Christi
638 3818 814 3904 oonsilio,
852 3817 956 3888 cuius
992 3815 1123 3914 imagi·

1 3967 7 3988 ι
70 3943 181 4006 nem,
208 3919 271 3990 sed
296 3915 370 3988 no'n
399 3917 444 3990 ab
472 3919 592 3990 omni
591 3937 701 4016 parte
724 3932 1033 4008 consummatam,
1060 3919 1122 3990 de·

70 4021 187 4091 lineat
210 4008 387 4092 {cannetis
410 4017 522 4091 liberl
553 4061 605 4078 --

1 4189 7 4217 p
88 4123 260 4194 ·ndde
280 4121 441 4195 crebram
462 4127 550 4194 Iesu
580 4141 670 4248 per
679 4117 859 4198 orationes
891 4118 1122 4220 provocatio·

2 4296 7 4323 ‚
72 4247 161 4352 uem
187 4226 234 4298 ad
253 4223 307 4302 τὸ
338 4217 464 4330 ἔργον
485 4249 521 4300 v.
548 4225 600 4302 ιὰ
623 4215 740 4331 ἔργα,
786 4226 998 4356 aNumine
1022 4249 1123 4300 man-
