2654 4988
455 373 857 461 *7474*

132 521 314 620 tiquitati,
353 541 457 600 tento
481 525 649 626 magistri
678 529 876 624 praeconio
900 531 1068 631 amone„
1095 533 1189 612 titu-

132 623 410 726 muntelingun,
436 629 567 704 lubens
592 631 816 706 inmortuus
839 633 897 709 sit.
924 635 957 734 *)
1142 673 1156 707 0

155 759 161 778 ·
209 735 556 808 Coniunctissimum
581 751 654 822 est,
693 736 792 832 quod
818 740 936 828 Issus,
976 743 1185 814 consolatu-

129 859 191 906 rus
218 855 443 926 moerentes,
484 837 702 910 vaticinatus
729 853 783 908 est
808 840 855 910 de
877 865 944 914 suo
968 846 1108 934 reditu,
1139 863 1185 920 et

129 944 342 1030 praesentia,
370 957 469 1012 certo
495 940 681 1036 speranda.
733 943 968 1044 Παραυαίας
994 969 1076 1017 vos.
1100 945 1185 1020 fru-

126 1057 197 1110 stra
218 1043 369 1136 quaeris.
421 1048 479 1114 De
504 1043 661 1128 Messia,
686 1043 838 1114 coelesti
862 1069 972 1139 super
998 1047 1098 1120 nube
1124 1075 1185 1122 re-

126 1143 269 1230 dituro,
307 1162 428 1216 tacent
461 1147 498 1216 h.
531 1145 669 1216 literne.
730 1149 935 1219 Externum
960 1149 1184 1226 chrismeta-

124 1246 215 1316 tiam
238 1261 281 1315 tu
306 1250 386 1318 noli
411 1263 630 1344 exspectare.
680 1247 751 1321 Sed
776 1273 942 1345 praesens
964 1252 1081 1332 ederit
1101 1254 1183 1329 suis

51 1351 53 1361 ’
122 1348 272 1446 spiritu,
299 1347 592 1422 manifestatione
615 1347 776 1438 sublimi,
804 1350 946 1424 interna
966 1353 1181 1430 animorum

122 1451 394 1548 communione.
446 1458 543 1524 Nam
569 1475 636 1524 nec
657 1453 704 1523 de
724 1451 824 1524 brevi
839 1471 924 1548 post
944 1445 1181 1530 resuirectio·

122 1551 208 1625 n‘em
235 1579 318 1628 cum
346 1555 471 1627 amicis
497 1554 718 1625 commercio
745 1572 829 1650 apte
856 1557 1180 1656 cogitabinquod

28 1725 36 1742 ,
120 1657 193 1726 tale
226 1653 319 1747 fuit,
360 1674 404 1727 ut
438 1656 611 1753 ambigue
644 1656 846 1728 indicatum
883 1655 1108 1754 institnit,
1137 1683 1175 1752 5.

119 1756 349 1859 Πορεὺομαι
375 1753 582 1847 ἑτοιμάσαι
606 1759 728 1830 τόποι
756 1753 865 1848 ὑμῖν·
904 1759 971 1833 καὶ
1006 1755 1070 1836 ἐὰν
1101 1787 1177 1838 πα-

119 1859 275 1964 ριυθαὸ,
300 1858 369 1936 καί
394 1853 599 1946 ἑτοιμάσω
622 1855 709 1948 ὑμῖν
735 1863 880 1951 τόπον,
907 1859 1020 1936 πάλιν
1048 1860 1176 1966 ἔρχο-

117 1987 207 2050 μαι,
231 1965 299 2038 ’καὶ
325 1959 616 2062 παραλήψομαι
643 1957 742 2052 ὑμᾶς
766 1963 864 2070 πρὸς
891 1959 1081 2056 ἐμαυτὸν·
1108 1959 1175 2040 ἵνα

116 2063 219 2139 ὅπου
244 2064 319 2158 εἰμι’
338 2059 430 2164 ἐγὼ,
457 2058 525 2136 καὶ
548 2057 651 2154 ὑμεῖς
675 2057 752 2156 ἦτε.
803 2072 852 2135 Et
875 2089 1013 2137 nexum
1030 2085 1067 2138 et
1086 2093 1174 2142 con-

114 2171 237 2242 silinm
265 2166 443 2240 sermonis
467 2166 643 2256 intuitus,
682 2183 763 2237 tute
787 2167 1021 2239 sentiendum
1048 2193 1172 2242 cense-

114 2272 171 2344 bis
199 2275 246 2342 de
271 2285 458 2366 praesente
484 2285 611 2354 coetu,
645 2259 864 2341 coelestibus
889 2269 1053 2365 pertibus
1078 2274 1172 2346 reci·

111 2375 249 2474 piendo
286 2388 370 2468 post
402 2395 525 2441 rerum
557 2368 672 2440 finem
702 2371 958 2446 humanarum.
1009 2375 1169 2450 Reditus

111 2475 283 2572 spiritalis
310 2489 382 2560 est,
425 2469 585 2543 efficacia
617 2472 773 2544 interna.
837 2479 978 2556 Tenere
1001 2476 1167 2574 imagine

111 2579 221 2652 amici
254 2575 517 2664 antecedentis,
556 2573 761 2644 habitacula
793 2578 973 2674 parantis,
1014 2577 1165 2652 obviem

110 2681 249 2769 euntis,
290 2675 456 2748 ducentis
486 2676 721 2748 adventantes
754 2677 793 2748 in
828 2698 967 2773 paratas
993 2681 1098 2753 aedes
1124 2699 1165 2754 et

110 2785 304 2854 transitum
345 2780 385 2851 in
425 2779 582 2876 gloriam
625 2777 912 2876 beatitatemque
951 2785 1171 2874 coelestemr

107 2904 209 2960 serto
242 2881 526 2977 exspectandum
555 2879 761 2975 discipulis,
797 2899 835 2952 et
860 2899 1006 2978 tempus
1031 2889 1164 2975 mortis
1209 2910 1212 2914 ·

106 2988 283 3082 magistro
309 2985 520 3080 proximum
549 2982 727 3075 delineata
753 2983 874 3056 habes.
891 2998 911 3034 ,s
941 2991 1050 3056 Fatur
1073 3011 1163 3077 cum

105 3088 355 3162 imbecillibus
387 3084 631 3180 adflictisque,
669 3100 707 3202 et
733 3082 972 3182 peramanter.
1023 3095 1066 3162 V.
1099 3096 1160 3164 ιδ.
1244 3137 1249 3152 ·

108 3191 186 3286 17.‘
222 3197 315 3264 ltem
338 3186 442 3261 venit
463 3212 531 3284 per
555 3186 726 3284 spiritum
750 3189 974 3279 adiutorem}
992 3192 1163 3269 veritatis

113 3368 322 3392 *nn-fl

138 3471 175 3546 θ’)
193 3463 292 3532 lhren
313 3467 406 3530 Gelst
430 3467 504 3544 (der
522 3461 691 3546 Christen)
715 3465 798 3528 malt
828 3467 888 3530 der
905 3469 982 3532 Tod
1009 3469 1067 3533 des
1085 3492 1155 3536 von

177 3547 251 3609 lesu
275 3545 441 3625 geliebten
467 3543 650 3606 Iohannes:
689 3543 781 3604 Nach
810 3551 919 3606 sinent
947 3546 1081 3618 Leben,
1116 3569 1156 3611 so

174 3620 305 3684 verehrt
326 3621 378 3681 bei
401 3622 467 3682 deu
489 3621 620 3680 Heiden
650 3619 751 3680 durch
773 3619 927 3691 Reinheit
954 3624 1024 3682 und
1045 3625 1153 3688 Gale:

57 3748 59 3760 .
175 3704 240 3762 wie
262 3697 316 3760 bei
337 3698 396 3756 der
410 3697 594 3758 Gemeinde
608 3695 710 3756 durch
726 3698 782 3757 des
797 3699 890 3758 Wurt
909 3705 1019 3760 seiner
1031 3700 1152 3774 Lehre,

173 3773 231 3837 nh
253 3795 288 3834 er
312 3773 377 3833 den
396 3773 472 3834 Tod
491 3771 622 3836 nahen:
645 3771 742 3834 'noch
771 3774 891 3834 einmsl
916 3775 990 3835 liess
1025 3797 1060 3836 er
1082 3776 1151 3838 sich
1178 3777 1183 3794 '

174 3850 292 3913 indie
325 3849 547 3908 Vetsnmmlun
602 3848 661 3908 der
684 3849 809 3910 Briider
835 3865 880 3908 tra
907 3867 969 3921 en:
1010 3851 1137 3912 sehsie

173 3925 241 3988 hob
262 3931 352 3986 seine
374 3925 491 3985 Hinde
513 3870 585 3990 aui,
612 3923 744 4006 sprash:
783 3871 953 4000 ‚,Kinder,
978 3895 1151 4007 gleich‘wid

173 4005 234 4066 der
254 4001 338 4062 Herr
356 4021 418 4062 uns
448 4000 591 4082 geliebet
611 3999 684 4072 het,
717 4001 785 4062 also
812 4001 915 4062 liebet
941 4001 1023 4062 euch
1051 4020 1159 4072 umet,

172 4077 335 4138 einander
353 4077 571 4139 immerdur!“
604 4077 692 4157 legte
714 4081 783 4136 sein
806 4077 917 4155 Haupt
936 4078 1057 4138 zurick
1077 4080 1150 4142 und

170 4153 269 4216 sterb.
288 4153 335 4216 lo.
354 4155 519 4214 Mutum.
539 4153 620 4234 altg.
644 4151 759 4214 Gesoh.
779 4153 803 4216 1.
821 4153 889 4232 469.
909 4160 976 4230 470.
1012 4155 1150 4218 Fundus

41 4261 52 4272 ·
166 4237 277 4294 est-in
295 4229 390 4292 Hm.
411 4231 535 4293 comm.
557 4231 597 4292 ιἰι
616 4229 696 4294 eat.
716 4229 861 4309 Illum.
879 4229 987 4292 Manu
