2734 4998
434 375 853 444 ....„....,

116 523 265 600 buerit:
303 523 347 598 in
368 527 513 599 Ioanne
534 524 691 620 iuquam
720 545 846 596 rerum
874 521 1160 604 christianarum

114 628 298 728 scriptore
325 643 468 724 quanto
490 627 633 700 maiora
657 649 744 698 cum
757 621 893 698 'frumo
915 625 1160 704 advocabitur

112 731 349 826 praeclarum
363 729 500 828 pariter
516 745 629 825 atque
644 729 768 800 multo
783 723 855 802 uati
871 729 1157 826 comprobatum

112 849 377 928 praeceptum:
427 833 621 926 quemlibet
653 853 726 902 esse
756 835 936 924 optimum
965 833 1157 910 uerborum

112 957 265 1006 suorum
281 935 510 1028 interpretem
516 963 534 1016 ,·
562 929 735 1028 quantita
757 933 833 1018 his,
859 933 925 1030 qui
949 955 1035 1005 eum
1054 959 1157 1031 praa·

113 1035 275 1124 cedunt,
309 1033 550 1134 scriptoribus
574 1035 771 1106 historicis.
823 1035 893 1106 Ille
922 1036 1024 1108 enim
1048 1059 1068 1108 e
1090 1061 1156 1111 sue

5 1151 9 1160 '
111 1141 297 1210 memoria
313 1137 437 1209 hausit
451 1137 591 1209 omnia.
641 1133 934 1225 naissensibus,
961 1158 1077 1210 suove
1100 1141 1156 1210 iu·

112 1237 216 1312 dicio
246 1255 475 1336 perceperat,
509 1261 604 1334 quae
629 1235 671 1308 in
702 1237 828 1311 literas
858 1238 998 1310 rettulit.
1049 1243 1094 1314 ln
1116 1263 1155 1316 se
1253 1329 1257 1340 ,

110 1365 194 1414 uno
212 1342 304 1414 haec
320 1341 442 1435 posita
457 1337 628 1412 habebat
677 1343 811 1434 Neque
826 1363 973 1413 summa
995 1339 1156 1417 familia·

58 1467 67 1472 ’
112 1445 226 1532 ritas,
254 1467 368 1540 quam
398 1443 558 1516 iniverat
588 1463 674 1512 cum
696 1441 848 1514 Christo
871 1443 914 1516 in
944 1442 1004 1516 his
1033 1447 1154 1535 terris,

111 1567 223 1618 amor
244 1545 487 1631 tenerrimos,
513 1567 589 1640 quo
605 1543 813 1640 digressum
828 1543 870 1614 in
891 1543 1015 1617 coelos
1035 1545 1095 1620 dei
1111 1547 1154 1624 fi·

108 1647 212 1718 lium
227 1644 542 1744 prosequebatur,
569 1643 798 1732 effecerunt,
822 1661 866 1716 ut
882 1669 983 1720 asuo
997 1648 1154 1747 ingenio

111 1749 352 1834 descisceret,
393 1749 497 1846 quod
531 1765 628 1822 esset
653 1747 789 1818 Christi
819 1748 975 1846 ingenio
1006 1751 1153 1822 similli-

107 1875 242 1937 rnum,
256 1857 261 1864 '
277 1874 324 1920 ex
344 1873 462 1946 eoque
486 1864 600 1923 omna
622 1847 825 1944 pabulum,
855 1853 1026 1946 vigorem
1051 1855 1154 1926 vitea

109 1977 204 2025 vere
223 1951 350 2024 vitalis
374 1953 553 2024 traxisset.
601 1955 682 2022 Neo
698 1951 966 2026 traditionibus
987 1975 1052 2026 ore
1066 1976 1153 2048 pro·
1181 2005 1186 2022 ,

105 2053 280 2152 pagetis,
307 2077 431 2150 neque
464 2053 610 2148 seriptis
640 2050 747 2123 libris
777 2075 847 2124 suo
876 2055 1151 2148 antiquioribus

106 2155 337 2228 ullomodo
368 2155 545 2228 credibile
571 2171 736 2228 osteum
770 2153 976 2250 quidquam
1007 2155 1166 2241 debere.⁸

105 2263 204 2330 Non
224 2257 366 2356 magis,
397 2281 511 2352 quam
535 2263 838 2330 Bearrtoenrus
852 2253 889 2348 l)
920 2256 961 2327 in
984 2257 1152 2331 medium

105 2358 291 2456 protulit,
324 2357 371 2430 de
396 2357 617 2458 fragmentis
648 2357 829 2432 aramaico
854 2379 1028 2430 sermone
1049 2359 1151 2456 ipsas

106 2463 212 2534 inter
233 2472 308 2534 real
324 2479 445 2558 gestas
474 2460 831 2558 tacbygraphorum,
863 2459 896 2531 si
921 2459 992 2533 diis
1016 2461 1150 2557 placet,

109 2559 191 2636 ar'te
207 2563 365 2636 exaratis
381 2581 418 2634 et
432 2565 474 2634 in
487 2560 721 2634 conficiendo
736 2560 834 2632 libro
844 2561 1051 2634 adiumenti
1066 2565 1151 2638 loco

108 2665 151 2736 in
166 2687 279 2736 nsum
296 2664 504 2750 advocatis,
527 2666 738 2736 coniectura
760 2663 907 2758 aliaque
928 2663 1087 2736 aliorum
1104 2665 1151 2740 da

108 2765 312 2862 excerptio,
344 2765 668 2838 commentariolis
701 2758 952 2849 brevioribus,
990 2766 1150 2840 minutis

107 2867 419 2942 adnotationibus
437 2870 592 2964 aliisque
606 2868 751 2965 generis
766 2867 929 2942 eiusdem
939 2887 1149 2942 commenta

105 2969 182 3041 ulli
199 2994 281 3043 sesa
297 2969 498 3066 probavere
510 2969 592 3047 vieo
609 2969 740 3058 docto,
766 2967 830 3062 qui
847 2985 883 3040 et
907 2968 1076 3040 indolem
1091 2993 1149 3044 aa·

105 3073 198 3144 tatis
214 3073 345 3159 huius,
371 3073 413 3143 in
427 3070 581 3143 edendis
604 3070 881 3141 commentariis
898 3085 937 3142 et
951 3072 1149 3168 ingenium
1193 3075 1205 3088 '

106 3173 303 3269 scriptoris
318 3173 530 3246 loculenter
546 3196 626 3245 sesa
641 3195 813 3244 exserens
829 3195 908 3243 non
927 3168 1049 3244 obiter
1064 3195 1149 3270 par·

104 3275 351 3364 lustraverat,
377 3273 442 3348 sed
458 3275 623 3370 penitius
638 3272 762 3345 fuerat
776 3274 948 3345 intuitus.
963 3271 1021 3368 et)

184 3379 413 3472 Scriptorum
441 3378 603 3472 denique
628 3381 677 3447 N.
698 3381 743 3448 T.
772 3378 1036 3448 dialecticorum
1060 3375 1147 3452 talia

105 3493 167 3552 est
194 3481 312 3566 ratio,
345 3495 390 3550 ut
413 3478 457 3552 in
480 3503 610 3552 eorum
636 3477 963 3572 interpretatione,
997 3479 1148 3574 qualem

101 3597 239 3653 nostra
255 3597 356 3654 aetas
373 3581 453 3654 iure
469 3605 541 3654 auo
556 3579 735 3676 postulat,
752 3580 835 3668 hoc,
852 3579 954 3674 quod
967 3579 1146 3670 diximus,

100 3700 348 3780 praeceptum
369 3684 519 3758 assidue
534 3685 585 3756 sit
606 3681 728 3756 oculis
751 3681 1059 3780 proponendum,
1084 3681 1147 3758 fir·

101 3829 315 3850 uun—uun·-

120 3895 155 3976 ἡ
174 3889 540 3960 Bramoanrverot'lm.
555 3891 598 3952 da
612 3893 694 3974 orig.
708 3889 881 3956 antonna.
892 3893 929 3954 in
941 3889 1005 3954 eid.
1026 3891 1144 3972 Optato.

182 3969 284 4034 acad.
305 3973 359 4034 ed.
375 3969 490 4029 then
508 3991 542 4050 p.
564 3985 591 4028 1.
610 3987 657 4048 sq.
677 4031 683 4045 ⁴

119 4049 176 4130 fl)
196 4051 303 4110 Nemo
319 4049 400 4108 baec
415 4045 646 4108 demonstravit
657 4041 1024 4124 luculentiusveroeque
1039 4041 1146 4102 fontes

181 4125 344 4264 pvangelii
358 4125 498 4280 qupnei
513 4120 663 4185 subtilius
678 4125 804 4204 aperuit
816 4122 958 4184 Latmo
972 4125 1008 4181 itt
1020 4121 1142 4180 Comm.

201 4245 208 4262 .
235 4221 270 4281 p.
287 4221 399 4281 92-1'
437 4243 445 4262 .
