2734 4998
423 389 828 440 ...11—

104 533 296 624 senoco
311 539 558 622 sermonem
582 529 776 620 studioso
799 535 1025 646 cognitum
1048 563 1152 623 oon·

99 647 296 736 formare
329 668 453 734 tenta
485 651 496 670 ⁶
543 675 619 754 us,
667 651 885 764 persuasi,
928 671 1154 764 praestaro

98 763 247 880 patria
287 762 437 874 lingua
503 766 638 865 icere,
675 791 809 874 quam
849 763 964 848 male
1002 765 1152 854 latins.

99 880 283 966 Ursam
301 875 422 960 liber
444 873 499 960 de
553 873 739 959 arabolis
764 877 1056 988 Evangelicis,
1085 909 1152 966 so·
1279 941 1285 954 .

98 992 224 1078 briae
248 1000 302 1088 et?
323 988 485 1076 solidae
513 905 736 1074 doctrinae
762 993 906 1096 testis,
941 1012 1046 1106 post
1071 995 1152 1083 im·

3 1123 4 1130 '
98 1135 295 1224 pressam
320 1133 524 1216 magnam
544 1107 684 1190 nostri
709 1101 869 1190 laboris
902 1125 1076 1219 partem
1101 1110 1153 1206 irs

98 1247 259 1308 manus
282 1237 452 1304 nostros
475 1219 609 1304 vonit.
666 1217 814 1334 Quare
834 1247 937 1302 eum
960 1217 1016 1304 ad
1041 1249 1152 1327 non·

98 1334 242 1420 nullas
259 1331 576 1447 disputationes
586 1334 832 1446 argumenti
848 1323 1042 1420 eiusdem
1057 1365 1153 1422 non

98 1448 224 1535 licuit
252 1443 463 1532 conferre.
961 1442 975 1466 '

177 1555 482 1677 Apostolorum
492 1557 552 1644 de
566 1571 701 1672 regim
714 1561 801 1644 Dei
818 1553 1053 1646 doctrinam
1071 1589 1155 1677 per

2 1713 3 1738 ι
99 1673 283 1762 alteram
298 1674 398 1758 libri
417 1693 591 1788 partem
609 1703 689 1760 nos
715 1676 1001 1788 exposituros,
1031 1705 1154 1764 nuno

98 1787 318 1906 spondere
341 1815 435 1872 non
455 1787 571 1894 licet,
599 1806 700 1871 tum
716 1787 837 1900 quod
854 1783 1056 1900 suffragia
1074 1790 1152 1874 do-

100 1893 276 1990 storum
301 1901 535 1986 hominum
557 1899 612 1986 de
633 1904 781 2015 priore
807 1920 1056 2014 exspectare
1078 1911 1154 1990 voi

97 2015 309 2106 remedia
340 2013 566 2118 iubemur,
610 2034 709 2098 tum
750 2011 809 2097 ob
843 2014 949 2100 alios
981 2014 1152 2102 labores

97 2148 349 2245 susceptos,
397 2131 733 2212 commentarios
762 2127 860 2212 diso
883 2131 932 2214 in
957 2128 1153 2248 Synopti·

97 2273 199 2332 eum
226 2237 508 2352 Evangelium
540 2251 586 2326 e't
606 2243 655 2326 in
681 2235 940 2359 Apocryplza
971 2243 1029 2328 V.
1063 2248 1110 2328 T.

183 2353 407 2472 Optamus
438 2375 606 2461 autem,
636 2359 764 2440 utin
789 2354 1033 2440 multorum
1061 2377 1151 2444 stu·
1276 2351 1281 2359 ⁵

97 2465 172 2556 dia
196 2491 245 2582 et
264 2469 424 2553 iudicia
444 2472 594 2554 veniat
616 2466 749 2575 liber,
790 2473 986 2555 veritatis
1010 2501 1152 2581 cause,

96 2615 194 2670 non
218 2604 380 2669 nostra.
438 2583 625 2666 Meliora
646 2581 828 2688 dabunt,
857 2586 933 2695 qui
955 2608 1062 2700 post
1079 2613 1153 2674 mo
1182 2628 1186 2642 ·

96 2728 250 2786 severo
283 2711 577 2810 amanterque*
595 2697 644 2779 in
676 2695 796 2780 huno
827 2696 975 2782 locum
1009 2701 1152 2813 inqui·

96 2833 200 2897 rent
207 2846 219 2917 3
249 2839 331 2922 ego
358 2840 439 2925 pro
456 2833 654 2894 mearum
670 2810 850 2895 modulo
870 2813 1030 2922 virium
1044 2819 1152 2900 meis

1 2967 2 2978 Ν
95 2925 375 3041 temporibus
401 2924 605 3039 prodesse
624 2925 784 3008 studui.
844 2927 985 3012 Suum
1004 2957 1153 3040 quem·

95 3045 164 3126 vis
190 3045 239 3123 in
264 3068 500 3124 commune
524 3036 722 3124 conferre
749 3039 874 3126 decet
897 3041 1106 3127 laborem.

1 3233 2 3236 a
185 3157 252 3240 Ut
290 3179 349 3236 a·
445 3149 697 3238 othetarum
740 3153 960 3239 erroribus
1009 3187 1149 3271 purus

94 3259 299 3386 prodiret
320 3265 392 3350 hic
435 3265 756 3381 'ber‚'operam
780 3265 902 3354 dedit
929 3267 1150 3358 familiaris

94 3411 243 3485 meus,
267 3383 500 3466 Gosravos
517 3383 807 3490 Kouesseus,
836 3381 994 3468 Philos.
1020 3387 1077 3470 D.
1105 3405 1152 3472 et
1206 3453 1213 3462 ,
1300 3461 1304 3472 .

94 3494 156 3582 ad
182 3495 336 3580 aedem
349 3469 416 3579 ¹1).
442 3495 567 3580 Pauli
588 3494 878 3582 academicam
907 3498 1150 3584 Conciona·

93 3629 173 3696 tor
200 3610 497 3724 vespertinus,
536 3613 614 3724 qui
647 3608 765 3695 idem
798 3608 945 3698 Indice
985 3609 1147 3699 biblico

94 3722 401 3810 concinnando
427 3721 542 3808 bene
576 3721 631 3812 de
656 3723 817 3812 furum
838 3725 1075 3816 lectoribus
1102 3749 1150 3816 et

94 3837 152 3924 de
177 3867 251 3921 me
279 3839 453 3922 meruit.

182 3953 338 4037 Unum
366 3949 555 4066 denique
578 3969 664 4058 est,
694 3951 815 4067 quod
841 3971 1046 4070 rogatum
1068 3983 1146 4044 vo·

92 4061 242 4152 lumus
277 4065 483 4170 lectores,
528 4096 586 4150 ne
621 4069 936 4155 nonnullorum
966 4101 1146 4158 morse

94 4208 215 4266 nexu
237 4177 453 4268 malevole
477 4177 734 4300 decerpant,
762 4214 875 4301 quae
901 4182 982 4272 sibi
1002 4185 1146 4304 displi-
