2734 4998
693 319 700 348 Ι

525 429 651 484 t--·-
726 397 944 482 42—-

78 573 81 591 '
153 592 155 600 ’
217 565 312 640 illuc
324 557 522 660 repetitae,
549 557 625 632 et'a
640 559 753 632 variis
770 533 1043 633 monachorum
1060 577 1106 633 et.
1120 559 1257 636 fanati-

218 691 350 739 corum
373 663 574 736 hominum
596 664 760 760 ingeniis
791 664 892 734 varie
922 679 1123 734 exornatae
1153 681 1256 736 aunt.

137 812 140 818 -
216 768 395 864 Inprimis
413 783 549 836 vautem
574 789 676 836 novo
708 789 834 836 rerum
866 763 1080 836 futurarum
1112 766 1255 837 deside·

105 865 110 880 ’
217 871 275 944 tio
294 869 505 940 multorum
529 865 677 938 constat
692 867 871 941 exarsisse
880 866 1055 954 animos,
1082 889 1152 940 seo.
1167 885 1257 962 post

160 981 162 989 '
219 971 361 1042 Christi
387 968 533 1040 natales
559 967 703 1040 decimo
729 967 777 1062 ad
799 967 925 1040 finem
944 985 1141 1063 vergente,
1177 993 1255 1064 quo

188 1159 194 1172 Ι
217 1071 306 1148 finis
323 1095 450 1142 rerum
467 1071 716 1141 humanarum
731 1069 991 1165 iudiciumque
1000 1069 1257 1160 novissimum

217 1199 238 1246 a
256 1172 429 1269 plurimis
446 1189 551 1242 tanta
568 1169 704 1244 fiducia
717 1188 924 1266 exspectata
943 1193 1023 1244 esse
1038 1172 1254 1260 traduntur,

216 1295 356 1346 utnon
369 1291 528 1368 possent
546 1298 585 1344 se
606 1271 717 1345 bonis
733 1275 846 1356 huius
862 1272 979 1360 vitae,
1007 1271 1118 1342 rebus
1143 1273 1256 1343 cadu-
1321 1315 1325 1332 ‹

154 1389 160 1396 '
217 1378 270 1448 cis
286 1401 328 1448 ac
344 1375 569 1446 mortalibus
587 1374 766 1446 omnibus
788 1391 934 1446 mature
954 1375 1044 1445 satis
1061 1392 1098 1446 et
1118 1399 1256 1449 eonve-

215 1478 365 1550 nienter
381 1475 580 1548 votissuis
601 1475 781 1548 abdicare.
796 1474 834 1570 *)

292 1609 592 1684 Emendatorum
611 1632 801 1683 sacrorum
822 1610 1055 1706 temporibus
1074 1636 1155 1684 non
1176 1637 1256 1684 ma·

215 1712 273 1815 ‘gis
291 1739 365 1784 nna
383 1709 593 1808 christianis
609 1711 828 1783 hominibus
847 1713 1025 1784 omnibus
1049 1733 1086 1784 et
1101 1738 1187 1786 vera
1206 1715 1255 1785 de

213 1817 337 1926 regno
350 1813 539 1886 coelorum
560 1813 623 1886 vel
648 1809 803 1884 condito
821 1815 883 1886 vel
907 1817 1030 1886 adhuc
1051 1816 1253 1890 condendo

213 1911 405 2014 persuasio
435 1939 477 1986 ac
510 1915 696 1988 sententia
726 1913 811 1986 fuit.
874 1923 994 2014 Quam
1023 1915 1253 2011 opinionum
1280 1993 1284 1998 ,

152 2035 155 2043 ’
190 2039 194 2046 ·
213 2018 494 2116 perversitatem
518 2043 630 2090 nemo
656 2014 882 2089 diffitebitur
904 2019 1077 2090 eeclesiae
1099 2037 1253 2090 nostrae

212 2120 371 2214 vixdum
385 2120 427 2190 in
442 2119 641 2214 pristinam
658 2120 845 2192 sentiendi
859 2121 905 2191 de
922 2119 1034 2191 rebus
1052 2120 1190 2192 divinis
1206 2121 1253 2190 li-

152 2296 156 2308 (
212 2221 396 2294 bertatem
420 2221 630 2312 ¹vindicatae
653 2239 796 2316 pestem
825 2239 862 2293 et
891 2245 1032 2294 novam
1058 2221 1253 2320 contagio·

107 2399 109 2403 ,
211 2349 301 2396 nem
312 2316 498 2394 intulisse.
533 2389 537 2396 ,,
551 2321 736 2416 Exemplo
757 2321 833 2394 sint
847 2323 1038 2410 homineS,
1065 2323 1251 2394 libertatis

181 2447 182 2454 ’
212 2425 433 2499 christianae
451 2445 471 2493 a
486 2425 654 2504 Luthero
677 2423 832 2520 eiusque
853 2425 964 2496 sociis
983 2449 1126 2520 nupere
1144 2425 1252 2496 resti·

210 2544 317 2598 tutae
333 2523 429 2598 adeo
439 2523 698 2618 impatientes,
722 2541 766 2594 ut
782 2551 860 2596 eam
876 2543 1064 2598 verterent
1078 2527 1118 2596 in
1134 2522 1250 2596 licen·
1266 2527 1270 2533 “

209 2629 322 2715 tiam,
338 2626 573 2723 legitimique
589 2625 735 2720 imperii
749 2627 883 2724 iugum
900 2629 1075 2722 pertaesi,
1100 2650 1248 2700 summa
1275 2639 1277 2648 '

207 2717 364 2827 ‘tniscere
389 2727 476 2799 imis
503 2745 540 2800 et
560 2725 703 2810 nefaria
723 2723 876 2824 quaevis
899 2731 941 2800 in
963 2730 1249 2825 ecclesiamque

207 2829 377 2928 publiea,
413 2851 505 2926 quas
530 2830 629 2902 mala
652 2845 729 2900 arte
756 2855 934 2904 seorsum.
951 2831 1138 2928 regundas
1167 2855 1249 2903 esse

95 2986 127 3030 ,Ι
207 2947 462 3030 negaverunt,
507 2931 689 3004 auderent
723 2933 908 3026 perficere.
982 2931 1248 3006 Muenzeriani

207 3033 310 3107 enim
330 3032 572 3128 eiusdemque
587 3033 730 3130 ingemi
745 3057 790 3104 ac
804 3031 944 3106 furoris
961 3031 1129 3105 familiae
1151 3035 1247 3106 aliae

67 3209 72 3226 „
177 3170 179 3174 ·
205 3134 508 3232 turpissimarum
524 3134 774 3232 cupiditatum
789 3133 836 3208 ab
850 3142 907 3227 ea,
924 3160 1038 3234 quam
1054 3136 1246 3210 invenisse

203 3317 411 3345 ωι-ιιι-ιι-ιιυ
498 3309 502 3316 “

207 3462 211 3472 ·
264 3429 404 3488 utinam
432 3425 551 3487 multos
579 3441 665 3488 aetas
690 3443 801 3496 nostra
827 3429 911 3492 ferat
945 3433 1140 3510 interpretes
1166 3431 1244 3490 seri-

145 3574 148 3582 γ
207 3503 239 3554 .“
277 3520 445 3582 pturarum
461 3507 637 3564 sectarum!
659 3505 723 3564 Sed
739 3505 780 3564 de
795 3503 889 3566 huius
907 3513 1003 3568 etiam
1018 3503 1129 3566 studiis
1143 3524 1243 3584 saepo

273 3579 341 3638 vidi
358 3584 501 3659 iniquius
518 3599 534 3637 a
550 3580 714 3649 nonnullis
728 3582 918 3643 iudicatum.
945 3574 1035 3642 'Non
1051 3583 1239 3653 defuerunt,

278 3659 336 3733 qui
356 3675 432 3717 eum
452 3655 662 3736 Mysticorurn
682 3676 821 3718 nurnero
849 3673 1071 3718 accenserent.
1109 3657 1139 3718 A
1159 3677 1243 3738 quo·
1361 3707 1362 3728 1

275 3746 348 3866 rulm
370 3727 540 3865 hprninum
559 3734 642 3792 tristi
663 3748 763 3825 grego
784 3745 910 3794 tantum
932 3730 1060 3809 differt,
1081 3742 1242 3815 quantum
1287 3781 1289 3791 .

274 3823 311 3867 30
345 3825 364 3866 ἃ
412 3826 454 3868 le·

217 3929 250 4011 Υ)
269 3929 367 3990 Unde
384 3933 493 4010 coepit
507 3930 571 3992 dici
585 3921 619 3992 h.
634 3929 781 3992 seculum
795 3921 986 4009 obseratum,
1001 3949 1100 3996 sensu
1114 3915 1238 3994 eximio.

273 4007 412 4066 Auoosrr
437 4009 699 4087 Dogmengesolr.
720 4009 772 4070 ed.
790 4019 820 4096 5.
845 4031 878 4090 p.
899 4019 946 4080 85.
983 4011 1076 4071 Idem
1103 4011 1145 4070 de
1176 4023 1240 4068 ter·

265 4099 356 4142 reno
383 4081 437 4141 dei
462 4102 566 4162 regno
593 4098 813 4144 commentum
838 4099 1034 4146 'retexerunt
1053 4086 1240 4144 Tarouann-

269 4171 351 4229 nns,
367 4159 494 4218 ›Amver
518 4162 601 4218 ensis
609 4198 619 4228 ‚
641 4173 675 4218 et
693 4160 807 4233 Eune,
833 4163 1063 4242 Bretagnensis‘
1081 4159 1123 4236 (a.
1139 4159 1238 4238 1126).

268 4233 392 4296 Sonitu)
412 4230 446 4295 d.
470 4268 471 4272 =
501 4237 660 4314 ysetor'rm.
677 4231 712 4297 d.
731 4235 926 4300 Mirretaln.
953 4253 988 4319 p.
1007 4237 1047 4308 86
1065 4255 1114 4318 sq.
