2654 4988
380 391 789 478 *465*

65 579 237 636 semrones
258 557 372 632 dese
397 571 437 630 et
459 578 525 628 sua
551 553 729 656 dignitate
753 555 968 655 adqvarinm
989 578 1108 656 genn,

65 663 272 736 auditorum
293 656 433 746 habiti,
462 673 587 730 tamen
612 659 732 752 cavit,
766 685 813 730 ne
834 659 873 732 in
899 685 1108 755 perversam

63 779 198 861 partem
224 761 525 856 interpretaretur
547 755 662 862 facto
685 761 833 834 insolita
864 762 970 857 plebs
994 790 1109 846 noua·

61 891 139 942 rum
165 888 290 936 rernm
316 887 458 952 amans,
483 861 540 934 uti
565 855 702 958 le‘gitur
725 867 759 952 6,
789 881 849 950 15.

133 973 278 1040 Frustra
299 967 338 1038 in
366 965 421 1035 his
444 966 715 1036 commentariis
734 967 897 1062 requires
921 969 1025 1043 initia
1045 969 1109 1046 dos

63 1069 194 1144 ctrinae
218 1069 264 1139 de
289 1090 404 1164 regno
430 1068 619 1138 coelorum
648 1093 712 1166 per
736 1069 950 1161 parabolus,
994 1075 1108 1171 vulgo

61 1170 317 1267 discipulisque
340 1170 552 1265 propositas.
601 1169 791 1242 Desideras
808 1195 945 1243 nomen
961 1174 1109 1280 παραβ.

1 1265 2 1272 ¹
60 1280 103 1348 In
127 1271 229 1344 cuius
255 1273 379 1343 locum
407 1269 577 1344 successit
601 1271 791 1376 παρριμία
814 1272 850 1367 ⁴²)
894 1278 948 1346 10.
983 1299 1039 1363 ro,
1074 1283 1109 1352 6.

65 1383 120 1462 16,
149 1393 208 1458 25.
236 1400 292 1468 29·
343 1371 413 1444 Sed
440 1397 554 1469 genus
577 1372 765 1444 ‘diversum
789 1391 865 1458 est3
909 1399 998 1448 nam
1024 1379 1112 1450 alle·
1157 1387 1161 1392 “
1229 1465 1232 1472 ‚

64 1471 185 1578 gotiae
210 1476 256 1546 de
283 1475 383 1562 vite,
427 1475 659 1562 delumine,
699 1477 748 1573 de
781 1499 876 1570 pane
910 1478 1025 1567 vitae,
1064 1481 1112 1554 de

62 1598 202 1677 pastore
228 1577 324 1663 fido,
367 1593 434 1650 cet
468 1576 663 1672 perspicuo
687 1577 839 1648 vinculo
867 1601 952 1650 cum
978 1580 1112 1654 Christi

0 1740 1 1743 ,
62 1705 212 1779 persona
238 1698 276 1751 et
297 1678 472 1752 interiore
496 1678 678 1766 doctrina,
704 1702 778 1750 non
803 1678 894 1750 item
921 1705 1006 1773 cum
1031 1709 1113 1756 arce

61 1807 198 1871 causae,
226 1807 311 1854 cnm
334 1781 438 1876 regni
455 1781 644 1852 coelorum
672 1796 709 1851 et
734 1781 885 1852 nomine
908 1799 946 1852 et
967 1784 1113 1862 institu-

63 1903 102 1958 to
127 1885 374 1956 continentur.
440 1890 552 1954 cansa
588 1881 657 1968 sita
688 1881 837 1988 yidetnr
868 1883 907 1954 in
938 1885 1113 1960 lectorium

62 1989 186 2062 indole
212 2002 250 2056 et
276 1987 401 2080 patria.
453 1985 507 2057 Hi
532 1985 643 2070 enim,
668 2007 786 2080 quum
810 1985 1115 2064 Palaestinensem
1231 2067 1234 2072 ,

0 2080 1 2135 3
64 2090 218 2162 docendi
234 2089 389 2158 modum
404 2087 604 2180 figuratum
623 2110 691 2156 nec
707 2087 882 2160 diuturno
903 2113 972 2158 usu
993 2113 1114 2162 amare

64 2191 291 2276 didicissent,
330 2206 368 2260 et
401 2190 447 2260 ad
480 2181 693 2260 sublimius
714 2189 977 2276 Christianismi
1013 2189 1116 2286 inge·

64 2297 169 2368 nium
201 2291 481 2388 percipiendum
502 2313 534 2380 ,a
568 2308 694 2360 natura
737 2291 948 2362 viderentur
981 2290 1116 2376 instru-¹

63 2397 217 2482 stiores,
244 2418 265 2464 a
290 2394 393 2464 cultu
418 2392 597 2489 regionis,
623 2416 643 2464 a
669 2391 952 2488 philosophante
978 2395 1116 2466 Iudais-
1222 2385 1232 2398 ¹

63 2523 128 2570 mo
153 2514 193 2586 et
215 2497 422 2568 iudaizante
444 2495 482 2565 in
504 2495 755 2591 proconsulari
779 2495 862 2568 Asia
884 2492 1117 2592 philosophia

65 2598 210 2687 faciles,
244 2599 299 2669 his
325 2597 515 2692 prospexit
540 2597 711 2692 scriptor,
752 2613 796 2668 ut
827 2623 893 2692 per
924 2598 1117 2695 allegoria-

65 2728 149 2776 rum
176 2702 364 2773 involucra
390 2701 542 2770 subtiles
567 2699 757 2786 notiones,
799 2698 943 2770 Christo
976 2701 1124 2794 adama-¹

65 2822 141 2896 tas,
168 2828 215 2875 ex
239 2820 387 2898 pectore
409 2800 544 2872 Christi
565 2810 775 2887 manantes,
818 2801 931 2872 verbo
957 2801 1119 2874 christia·

64 2909 232 2980 nissimas
269 2905 476 2975 enuclearet
508 2919 545 2972 et
578 2919 708 2974 ornatu
741 2903 916 2976 orationis
955 2922 1119 2978 amanter

64 3010 240 3106 cingeret.
292 3005 424 3078 Rarius
450 3003 591 3075 inducit
623 3004 790 3076 divinum
818 3005 1034 3102 magistrum
1061 3030 1120 3078 co-

1 3193 2 3198 ἵ
64 3137 144 3184 ram
181 3108 289 3180 turba
323 3107 433 3178 verba
468 3105 684 3190 facientem3
725 3109 866 3202 saepius
900 3107 1121 3181 adversario·-

1 3341 4 3510 Ι

1 3553 4 3710 l

65 3237 150 3285 rum
179 3211 338 3307 impetus
369 3211 630 3304 repellentem,
671 3210 879 3304 saepissime
911 3233 1033 3280 coram
1055 3207 1121 3288 ,fa-

64 3313 274 3386 miliaribus
302 3312 546 3406 explicantem
572 3337 697 3384 sensus
723 3310 838 3383 animi
870 3309 1120 3400 amantissimi,

65 3419 267 3510 rerumque
301 3414 509 3485 divinarum
544 3413 895 3507 contemplationem
928 3419 1145 3510 angustam
1225 3485 1227 3497 ,

65 3520 252 3590 humanae
283 3513 549 3589 imbecillitatis
580 3531 748 3611 respectu
779 3531 818 3586 et
848 3536 932 3586 cura
965 3508 1123 3591 sollicita

68 3620 209 3692 esrimie
234 3633 511 3714 temperantem.

75 3815 286 3840 m
309 3838 314 3846 ,

107 3933 144 4012 *)
165 3937 219 3998 De
241 3927 429 3998 discrimine
447 3927 585 4013 utriusq.
603 3950 676 3998 voc.
698 3931 936 4027 etymologica,
963 3945 997 3992 et
1014 3928 1125 3993 rhato-

148 4021 241 4084 rico,
276 4013 386 4092 deque
411 4009 548 4072 finitimo
568 4031 689 4091 genere
709 4008 841 4070 dreendr
870 4005 1033 4096 illqycp.
1063 4021 1125 4067 eet.

150 4095 315 4160 subtiliter
347 4097 474 4158 disserit
498 4095 622 4154 Unosn.
648 4094 671 4154 1.
706 4115 733 4154 c.
767 4113 803 4154 ra
828 4113 877 4173 sq.
906 4102 944 4164 82
964 4109 1012 4172 rq.
1059 4091 1128 4152 hn-

148 4177 336 4254 'tiquiorum
366 4175 563 4236 sententiam
597 4181 629 4242 v',
666 4179 699 4229 'et
730 4187 798 4250 apr
818 4169 968 4237 Lausum
1000 4165 1044 4228 acl
1077 4164 1126 4228 lo.

156 4268 206 4325 ro,
243 4243 273 4310 6.

872 4337 921 4401 30
