2654 4988
452 377 939 454 *mm'

126 547 188 606 eta
212 529 429 605 tenebantur
453 529 612 628 patriae'
641 531 815 608 Eiusdem
834 533 1067 608 sternentis
1086 557 1187 612 ovesr

129 637 292 718 Alterius
317 635 425 706 eratis
446 652 501 708 est
527 661 642 733 genus
657 639 886 726 bumanum,
929 655 1031 734 extra
1063 639 1189 710 Palae·

129 739 326 812 stinensem
352 763 501 836 agrum,
541 739 611 812 sub
640 740 753 838 signis
777 745 859 811 Iesu
883 738 1042 811 Messias
1068 741 1190 812 concie

128 840 306 915 liandum.
358 847 494 912 Tantae
519 843 597 937 spei
612 841 828 938 imperfecte
850 841 1076 936 praeiverant
1101 867 1189 936 pro·

128 945 260 1040 phetae
286 943 441 1014 oraculis
467 944 513 1014 de
540 963 750 1016 exterorum
778 942 885 1015 turba
911 944 955 1012 ad
982 945 1107 1014 Zionis
1129 969 1189 1014 sa·

96 1099 99 1112 .
129 1071 187 1118 cra
214 1043 441 1128 confluente3
485 1047 579 1118 etsi
608 1048 896 1142 Synopticorum
923 1045 1187 1138 Christum(v.

112 1155 251 1244 supra)
278 1171 325 1218 ex
348 1149 516 1242 analogia
541 1148 644 1220 titre
666 1167 703 1223 et
727 1148 939 1243 disciplinae
965 1148 1188 1242 disertisque

129 1249 347 1322 testimoniis
381 1249 506 1348 negari
540 1251 671 1347 nequit
704 1253 748 1321 ad
781 1268 992 1322 exterorum
1027 1273 1065 1318 se
1099 1274 1189 1320 con·

35 1377 47 1390 ’
129 1354 290 1426 vertisse
302 1352 463 1438 animos,
506 1352 596 1448 qnid
630 1355 675 1424 de
701 1351 860 1424 loanneo
887 1352 1031 1422 Christo
1066 1351 1188 1423 ambi·

128 1457 204 1552 gis,
232 1455 297 1549 qui
322 1471 359 1524 et
384 1453 496 1525 fidem
522 1472 560 1526 et
588 1454 800 1526 beatitatem
826 1453 913 1525 inde
939 1477 1072 1526 nexam
1099 1479 1188 1524 nus·

128 1582 240 1684 quam
267 1557 333 1629 uni
345 1558 550 1654 adstringit
575 1555 744 1630 nationi?
797 1579 855 1644 10,
892 1559 949 1627 16.
978 1555 1024 1626 cl.
1055 1572 1090 1645 4,
1122 1573 1187 1646 qn.-

129 1659 154 1732 d
178 1655 315 1763 σωτὴρ
342 1659 416 1732 τοῦ
444 1663 612 1752 κόσμου.

205 1763 341 1833 Christi
379 1761 530 1832 Ioannei
565 1761 611 1832 de
642 1767 772 1834 Mose
786 1759 965 1833 sententia
999 1757 1107 1830 citius
1135 1784 1188 1831 ex

47 1953 50 1964 ¹
128 1863 334 1939 actionibus
359 1865 532 1959 vitaeque
557 1880 703 1953 tenore,
743 1889 854 1960 quam
881 1888 929 1933 ex
955 1860 1187 1934 orationibus

128 1967 356 2063 perspicitur.
424 1971 479 2036 Eo
521 1968 640 2036 tendit
674 1967 767 2053 vita,
802 1983 848 2036 ut
881 1950 1188 2037 Messinninnrim

127 2072 377 2165 propheticum
402 2069 628 2163 superiorem
652 2073 857 2141 Mosnismu
881 2067 1090 2138 babendum
1106 2089 1188 2136 esse

128 2172 273 2270 probet.
324 2176 451 2248 Servat
483 2173 604 2266 legem
639 2171 805 2265 ritusque
838 2170 991 2265 patrios,
1034 2169 1095 2238 sed
1131 2166 1187 2238 ita

129 2291 259 2360 servat,
287 2289 337 2342 ut
356 2271 612 2344 sublimiorem
642 2296 790 2343 sensum
820 2270 999 2368 praesenti
1022 2293 1187 2339 ceremo-

128 2377 211 2450 niae
237 2375 368 2445 lnbens
393 2377 569 2448 adnectat.
626 2375 830 2446 Sabbaticas
855 2373 955 2468 leges
979 2397 1065 2442 cnm
1091 2375 1187 2442 Pha·

128 2482 328 2553 risaeorum
356 2475 504 2573 ineptiis
526 2475 702 2575 ‘frequens
729 2476 863 2562 violat,
897 2475 1088 2549 adiuturus
1115 2473 1186 2543 bn-

129 2580 344 2658 manitatem
375 2598 413 2650 et
441 2579 739 2651 misericordiam.
766 2597 801 2666 5,
837 2602 870 2669 9.
901 2602 958 2648 ιο.
993 2581 1037 2646 ι6
1066 2601 1119 2672 sq.
1147 2600 1186 2666 7,

130 2711 176 2757 nr
203 2709 256 2781 sq.
282 2707 317 2770 9,
348 2697 393 2772 ιιι
415 2705 467 2798 sq.
519 2682 697 2752 Pascbalis
720 2704 854 2752 coenae
875 2704 960 2749 cum
982 2678 1057 2750 suis
1083 2676 1186 2748 habi·

127 2805 188 2863 tae
220 2810 295 2856 ιιοιι
330 2783 501 2856 meminit
527 2800 676 2879 quartus
699 2780 929 2880 Evangelista
957 2787 1055 2872 (nam
1080 2781 1125 2850 de
1150 2804 1185 2852 c.

34 2929 39 2936 ·
128 2885 642 2978 x111.iuredubitant).sed
669 2883 848 2956 festorum
866 2883 1022 2971 dierum,
1048 2875 1186 2980 quibus

129 3011 174 3065 ut
217 3013 304 3066 cum
348 2987 603 3086 popularibus
641 2989 852 3077 interesset,
902 2985 1041 3082 pluries
1092 2983 1187 3056 adiit

129 3093 272 3168 urbem.

204 3204 254 3267 At
279 3192 433 3266 Iudaicis
448 3193 608 3264 humana
625 3161 762 3288 ubique
786 3205 1069 3286 anteponuntur.
1105 3195 1188 3260 Nn·

131 3297 309 3372 bilissimas
337 3319 429 3367 voce
451 3296 493 3366 ad
519 3295 779 3366 samaritanam
805 3292 1003 3379 feminam,
1030 3315 1101 3387 qua
1127 3291 1188 3362 in·

130 3399 266 3474 timum
294 3398 438 3494 aperuit
463 3397 647 3485 animum,
681 3396 898 3491 praevidit
886 3394 1080 3466 interitum
1105 3394 1186 3464 cul·

129 3521 191 3577 tus
225 3501 554 3594 Hierosolymitani
583 3517 622 3570 et
657 3497 879 3572 Samaritani.
945 3501 979 3568 Is
1013 3495 1096 3566 finis
1129 3513 1186 3567 est

131 3606 235 3682 missi
257 3605 432 3676 divinitus
459 3603 625 3674 Messias.
675 3603 805 3673 Cultus
830 3623 936 3671 verus
954 3616 991 3674 et
1006 3604 1086 3669 Deo
1113 3599 1186 3694 spi·

130 3710 206 3782 ritu
221 3704 381 3802 dignus
370 3721 533 3776 mternns
549 3705 760 3776 animorum
776 3727 851 3774 esse
868 3701 989 3772 debet.
1000 3720 1036 3790 q,
1050 3719 1106 3786 23.
1125 3723 1183 3790 ιιι.

106 3819 108 3826 ’
130 3808 309 3901 Ἀλιιθειά
327 3830 401 3878 non
418 3807 553 3878 iudaici
574 3807 671 3878 orbis
685 3805 875 3902 peculium
892 3819 957 3875 est.
1007 3801 1141 3874 Adde
1130 3827 1186 3873 tn·

133 3935 291 4010 genuam
319 3932 441 3980 coram
460 3911 601 3994 Pilato,
627 3908 779 3980 bomine
804 3913 974 3978 Romano
999 3923 1036 3975 et
1062 3903 1185 3974 Iudai·

95 4009 104 4024 *
131 4039 194 4086 cae
220 4013 307 4086 fidei
331 4035 463 4107 perum
487 4010 633 4083 curioso
658 4007 944 4126 professionem,
982 4031 1054 4106 qua
1079 4007 1186 4083 sedat

93 4178 98 4194 ,
133 4117 299 4187 animum
323 4113 472 4202 iudicis,
500 4108 545 4186 da
571 4114 752 4184 seditione
777 4127 815 4182 et
839 4106 1002 4181 iudaicae
1027 4131 1184 4179 coronae

99 4219 104 4229 “
131 4216 277 4292 ambitu
300 4216 523 4312 sollicitum,
548 4215 687 4308 verbis,
719 4233 812 4311 quae
836 4210 1027 4308 perspicue
1052 4227 1185 4282 testan-
