2654 4988
384 417 499 440 ···-·
551 395 622 473 45ι
679 387 807 438 -··'

75 551 256 641 mandant,
304 548 576 640 stabiliendam,
616 549 863 656 ampliandam
902 554 1116 634 societatem

73 679 182 727 suam.
224 653 313 726 tier
337 654 549 750 superstite,
576 677 668 748 quae
693 655 837 727 Christo
861 658 1021 755 aequalis
1047 678 1115 751 est,

72 759 263 830 hominum
289 757 482 852 progenie,
521 756 702 828 Messiana
735 757 897 830 doctrina
929 777 1015 832 ante
1047 785 1114 858 per

10 927 12 964 a
70 884 259 958 praecones
284 860 480 954 discipulos
505 857 545 929 in
572 857 705 929 dissitis
741 858 839 930 orbis
864 861 1026 957 partibus
1052 889 1114 961 pa-

10 975 11 1014 i
69 961 208 1034 tefacta.
261 963 393 1032 Redux
418 961 563 1032 divinus
592 963 733 1056 legatus
759 964 1113 1057 Messias2(mortuis

10 1059 15 1170 i
69 1061 284 1152 suscitatisi)
335 1062 533 1150 iudicium,
578 1063 650 1134 Dei
672 1063 752 1133 vice
776 1080 815 1134 et
839 1066 1030 1161 auspiciis,
1063 1071 1111 1142 de
1176 1067 1177 1074 '
1216 1091 1221 1108 ¹

69 1166 165 1239 orbis
193 1183 369 1238 terrarum
405 1163 574 1262 gentibus
606 1164 767 1240 habebit.
826 1171 954 1238 ¹Suum
971 1159 1111 1268 ¹cuique
1169 1185 1176 1200 '

68 1293 133 1364 pro
159 1267 233 1340 vita
271 1269 332 1338 vel
358 1269 473 1362 probe
503 1283 540 1338 et
573 1267 619 1338 ad
644 1267 717 1338 Dei
758 1267 1005 1358 voluntatem,
1048 1275 1112 1352 vel

10 1451 11 1454 Ἴ
66 1370 314 1458 inhumaniter
346 1386 423 1440 acta
456 1367 672 1455 tribuetur„
714 1373 813 1440 Nam
840 1395 940 1442 nunc
965 1373 1113 1455 advenit

65 1489 209 1568 tempus
232 1471 440 1544 secernendi
464 1468 611 1565 probos,
638 1471 729 1566 quos
753 1471 799 1540 ad
819 1496 928 1544 suurn
951 1471 1112 1552 reditum

10 1619 11 1624 κ
64 1575 190 1646 vivere
215 1573 394 1668 improbis
413 1574 556 1664 ,mixtos
581 1572 701 1643 voluit
725 1574 898 1663 Messias,
945 1601 991 1646 ne
1017 1593 1109 1652 tem·
1187 1579 1190 1586 ’

10 1715 11 1750 ;
64 1701 129 1770 pus
161 1676 204 1746 ad
232 1676 519 1770 resipiscendum
553 1673 714 1760 deesset,
765 1701 857 1747 neve
882 1699 955 1750 una
982 1682 1110 1752 exstir-

10 1787 11 1796 ’
64 1795 237 1872 parentur
266 1779 365 1848 malo
399 1777 560 1870 pruritu,
608 1776 673 1872 qui
699 1777 860 1849 melioris
891 1777 1027 1851 indolis
1055 1807 1108 1854 es·

65 1897 154 1950 sent.
206 1884 260 1950 It'a
280 1878 444 1950 iudiciali
467 1877 697 1973 sospitatoris
715 1902 807 1950 voce
835 1879 925 1951 boni
947 1897 984 1952 et
1004 1882 1112 1956 mise·

10 2039 11 2078 3
65 1981 221 2053 ricordes
246 1982 285 2052 in
311 1982 425 2052 vitam
460 2004 679 2076 perennem,
720 1979 992 2076 percipiendam
1014 1983 1109 2058 intra

64 2084 167 2182 regni
194 2084 309 2154 divini
334 2081 444 2170 fines,
470 2079 710 2174 recipientur,
750 2081 911 2180 improbi
944 2101 981 2156 et
1002 2085 1111 2158 inhu-

64 2185 164 2257 mani
188 2187 380 2256 Gehennae
397 2181 646 2254 infernalibus
680 2181 845 2278 ignibus,
884 2185 1018 2280 paratis
1050 2193 1109 2262 Sa·

10 2335 11 2340 κ
65 2303 169 2360 tanae
194 2287 345 2382 eiusque
371 2285 609 2374 satellitibus,
660 2303 806 2357 aeterno
833 2287 1014 2382 supplicio
1037 2307 1113 2390 tra·-¹

66 2391 209 2461 dentur.
255 2389 505 2478 (Matthaeus)
552 2385 810 2484 Redintegrata
834 2413 957 2459 rerum
983 2391 1111 2462 huma»

10 2525 11 2534 ¹
64 2517 194 2579 narum
221 2489 314 2562 facie
340 2491 379 2562 in
411 2491 515 2562 novis
550 2489 653 2559 terris
687 2490 755 2562 sub
790 2491 894 2562 no'vis
929 2489 1039 2562 coelis
1063 2492 1111 2567 ad

64 2593 188 2692 legem
220 2593 441 2664 Messiauam
477 2591 635 2661 vivetur.
703 2597 800 2662 Nam
834 2608 975 2664 certum
1009 2619 1113 2694 praeg

63 2698 182 2768 mium
209 2695 323 2764 animi
353 2696 449 2764 inter
480 2691 625 2764 dolores
654 2693 938 2788 vexationesque
967 2685 1057 2766 Deo
1073 2683 1112 2766 et

65 2797 210 2869 Christo
237 2795 353 2866 dediti
375 2797 449 2864 vita
475 2811 618 2864 aeterna
645 2811 709 2880 est,
734 2819 809 2890 quo
835 2794 915 2878 iure
941 2813 978 2866 et
1002 2794 1111 2867 bene·

10 2975 11 2998 ,
63 2897 149 2970 facio
182 2922 257 2968 non
287 2893 596 2968 defraudabuntur
624 2891 738 2966 fortes
770 2910 807 2964 et
839 2897 976 2966 strenui
1009 2899 1111 2970 Mes·
1166 2893 1168 2898 ’

10 3075 11 3084 ,
63 3003 186 3074 sienae
221 2998 434 3092 disciplinae
474 2998 643 3068 cultores.
709 3001 809 3094 Quae
843 2997 919 3068 vita
952 3000 1112 3096 quoties·
1188 3011 1191 3018 “

10 3117 11 3180 ]
63 3124 211 3195 cunque
243 3098 488 3200 promittitur,
537 3097 615 3170 eius
645 3095 806 3185 fructus,
842 3101 916 3194 quo
950 3101 1112 3174 laetitiae

64 3219 208 3278 constet
232 3225 384 3298 genere,
427 3225 502 3274 non
527 3195 681 3270 facunde
709 3191 926 3295 exponitur,
969 3204 1032 3274 sed
1057 3227 1113 3276 sa·

10 3369 11 3372 ,
65 3308 210 3404 pienter
234 3303 425 3386 reticetnra
473 3325 540 3372 nec
573 3317 697 3373 tamen
731 3305 861 3374 desunt
893 3303 1025 3376 indicia
1062 3327 1111 3374 ex

66 3405 233 3503 analogia
260 3405 468 3500 disciplinae
503 3404 627 3494 ducta,
673 3405 805 3475 mentis
831 3402 1018 3500 animique
1044 3403 1110 3476 ho·

65 3534 202 3581 norum
227 3507 449 3578 incrementa
465 3513 549 3578 'esse
574 3507 808 3600 exspectanda
841 3521 878 3574 et
907 3505 1112 3578 honestissi-

68 3612 122 3683 mi
141 3609 292 3681 ‘virtutis
327 3604 495 3699 desiderii
527 3609 724 3702 compotes
744 3601 888 3678 futuros
920 3607 992 3678 Dei
1024 3607 1114 3678 ami·

69 3739 141 3786 cos.
202 3717 371 3808 Quocum
403 3724 558 3807 pugnat,
601 3709 702 3804 quod
727 3706 816 3778 aiibi
852 3711 1044 3781 aChristo
1067 3691 1113 3781 ati

69 3838 154 3888 suos
181 3812 401 3908 promissum
426 3808 604 3899 refertur,
646 3811 692 3880 de
723 3808 826 3908 regni
851 3811 1023 3884 Messiani
1049 3835 1115 3882 vo·
1156 3885 1158 3889 ,

68 3913 272 4011 luptatibus
297 3910 603 4012 sensusnsu‘aviter
628 3909 892 4010 afficientibus,
917 3931 954 3984 et
979 3913 1024 3984 ad
1049 3935 1114 4009 po-

10 4101 11 4106 ,
71 4019 200 4120 puiare
226 4015 416 4112 ingenium
440 4013 605 4112 scrutatis
625 4013 742 4108 deque
768 4014 950 4087 h'onorum
975 4014 1116 4109 cupidi·

10 4197 11 4206 χ
71 4136 155 4212 ῑεηθ1
183 4116 327 4192 abunde
361 4117 571 4212 =‹ettpiendm-¹
627 4118 716 4187 Inde
736 4117 816 4206 ..vel
864 4121 1115 4188 statuendum:

77 4220 166 4295 haec
186 4218 384 4318 sapientiae
417 4214 549 4292 Christi
582 4217 741 4290 doctoris
771 4215 914 4307 deberi,
953 4223 997 4288 ut
1024 4216 1115 4290 revi-

818 4333 864 4396 29
888 4335 904 4366 ⁸*
