2576 4994
534 305 947 392 ...affl-..-

220 463 281 540 eea
299 463 591 566 inquadraginta
607 487 719 540 annos
728 465 883 540 distulit
909 465 951 540 Id
967 467 1148 566 quodiam
1162 487 1238 542 acra

218 571 407 667 perspexit
429 586 467 639 et
490 567 672 666 sapienter
694 569 888 642 admonuit
903 577 1057 666 magnus
1071 577 1239 666 Gnouton)

116 760 122 772 ἡ
219 669 356 745 frustra
381 669 528 768 requiro
565 662 798 743 desideratas
817 667 952 768 fruges.
1010 675 1147 744 Excide
1174 699 1239 758 ean,

221 785 269 846 u'e
295 771 433 844 diutius
467 767 628 845 fundum
665 789 813 846 enervet
834 771 1092 869 (probabiliter
1118 775 1165 846 ob
1187 797 1240 844 suo

221 899 327 964 aum,
370 899 397 966 e,
426 889 520 944 terra
554 873 727 945 haustum
753 891 791 946 et
819 874 992 947 umbram
1017 875 1156 953 vitibus
1185 875 1240 946 olfi-

221 978 406 1062 cientem).
456 973 546 1060 (Dei
570 977 767 1048 eonsilium
802 973 902 1072 „non
936 980 1061 1068 stricte
1093 978 1152 1049 ad'
1171 979 1241 1048 Chri·

221 1095 322 1154 stum
365 1071 626 1176 referendum“
667 1077 913 1176 similiterque
952 1081 1002 1152 vj
1021 1104 1057 1174 9.
1090 1067 1242 1178 inuidet

162 1203 168 1218 ¹
222 1175 353 1273 αὐτὴν.
405 1179 474 1250 Vel
508 1179 615 1250 missa
647 1175 813 1266 facienda
845 1181 965 1255 omnis
995 1183 1166 1274 collatio,
1204 1182 1243 1252 rel

221 1282 308 1355 talia
334 1305 409 1352 non
442 1279 488 1351 ad
513 1281 688 1352 amussim
714 1275 875 1378 cogenda
904 1281 945 1354 in
967 1281 1190 1370 redditione,
1207 1310 1243 1370 ne,

223 1383 254 1455 si
278 1401 401 1454 tamen
417 1379 557 1468 feceris,
581 1381 620 1453 in
637 1383 801 1456 medinm
819 1379 992 1480 proferas,
1016 1393 1122 1482 quae,
1147 1403 1244 1454 utrun

223 1484 403 1580 historiae
422 1488 524 1575 Iesu,
548 1493 595 1554 'au
619 1482 771 1582 ingenio
797 1488 876 1559 eius
898 1479 1131 1583 consilioque
1150 1487 1184 1557 in
1200 1489 1244 1556 hoc

225 1587 316 1672 orbe,
339 1581 540 1690 patefacte,
563 1587 678 1682 magis
703 1603 929 1685 repugnent,
955 1586 1091 1660 dubius
1117 1589 1243 1658 haereas.

224 1689 400 1788 liedditio
426 1683 593 1762 videtur:
645 1689 717 1760 Dei
751 1689 967 1762 salutaribus
990 1689 1171 1779 institutis
1195 1714 1244 1760 nor

225 1789 429 1889 obsequens
461 1789 562 1864 natio
583 1789 713 1887 'digna
747 1807 821 1883 est,
867 1817 961 1890 quae
994 1789 1245 1890 exstinguatur.)

225 1889 282 1967 Δι’
308 1891 446 1964 vinitor
476 1889 684 1985 (Christus)
716 1889 885 1990 precibus
916 1893 1132 1981 intercedit,
1171 1909 1244 1986 rogat

226 1994 352 2088 (unius
373 1992 468 2081 anni,
484 1993 592 2092 ¹quod
606 2019 752 2067 rursum
768 2019 845 2068 non
866 2019 1011 2090 premes
1031 1995 1160 2091 inepto
1176 1995 1244 2082 loco)

168 2131 172 2146 ¹
226 2121 384 2184 moram,
410 2093 573 2167 facturus
595 2121 736 2168 novum
762 2098 983 2168 emendandi
999 2097 1203 2196 periculum
1218 2095 1245 2180 *l

227 2200 329 2295 quod
357 2199 388 2272 si
416 2199 553 2296 venum
586 2196 781 2292 irritumve
814 2195 949 2286 fuerit,
989 2199 1176 2270 exscindat
1196 2204 1245 2269 Do

226 2291 350 2384 minus
370 2297 482 2371 ficum
505 2292 632 2388 (faciat
647 2305 761 2390 Deus,
789 2301 888 2396 quod
907 2299 1029 2372 risum
1049 2297 1165 2372 fuerit
1181 2298 1247 2395 opti·

227 2407 361 2488 muns.)
380 2419 438 2455 '-
478 2401 600 2497 Digna
630 2400 758 2473 divino
783 2395 826 2473 'et
849 2403 1100 2474 amantissimo
1121 2405 1245 2495 [doctore

228 2501 498 2577 narratiuncula
522 2502 654 2594 miratu
679 2503 819 2599 spirans
842 2504 1096 2592 teneritatem,
1122 2521 1165 2575 ut
1185 2501 1247 2575 vini·

229 2619 348 2677 torem
371 2605 488 2694 colas,
525 2619 627 2676 tanta
659 2627 746 2677 cura
773 2605 997 2678 concreditas
1030 2605 1104 2677 sibi
1138 2605 1246 2680 arbore

194 2731 198 2743 ·
229 2710 433 2795 colentem,
470 2703 657 2784 excidium
682 2705 792 2778 unius
817 2725 901 2804 post
927 2723 985 2779 tot
1009 2705 1198 2781 frustratos
1215 2707 1247 2775 la·

228 2807 336 2906 bores
354 2829 450 2880 nova
472 2823 645 2882 aerumna
662 2826 822 2880 avertere
838 2810 1069 2906 cupientem
1096 2807 1246 2882 ardentius

230 2913 330 2984 colas
357 2934 461 2996 eum,
488 2933 600 3006 quem
626 2909 662 2982 h.
688 2911 812 3008 imago
836 2927 1094 3008 repraesentat,
1115 2917 1245 2984 Servato-

230 3037 331 3102 rem,
356 3010 586 3108 perditorum
610 3013 778 3101 salutem,
800 3027 866 3109 spe
891 3010 1000 3086 toties
1024 3013 1183 3110 decepta,
1204 3034 1246 3106 pu·

235 3205 445 3232 W

245 3314 288 3400 ἔ)
308 3315 435 3388 Sponte
463 3329 631 3377 succurret
662 3298 734 3376 sine
768 3314 1008 3379 commentariis
1038 3316 1165 3398 legenti
1186 3317 1245 3385 'no

309 3388 373 3456 ndu
396 3390 456 3476 μὲν
477 3391 596 3481 ποιήσῃ
619 3389 747 3478 καρπὸν
766 3393 968 3474 utsuppless
983 3413 1014 3454 v,
1028 3393 1246 3474 relinquerem

308 3458 427 3558 (ἄφες)
444 3494 473 3535 v.
493 3473 587 3547 bene·
602 3489 671 3546 estz
704 3473 741 3534 ld
766 3473 1011 3552 quodenseneu
1033 3471 1174 3552 probant
1190 3467 1247 3560 ὡς·

309 3576 394 3628 nus,
425 3557 567 3631 Pronus,
593 3559 805 3618 Kornoernus.
853 3553 899 3614 Hi
918 3553 1081 3614 duumviri
1102 3553 1245 3617 deuorare

312 3637 425 3710 donov,
448 3654 504 3700 aut
524 3638 749 3721 ἀποσιώπησιν
770 3635 893 3697 vident.
938 3635 1186 3708 AliterUnosn.
1208 3635 1245 3706 tii

291 3721 469 3798 ,explicatu
481 3721 612 3785 trahens
632 3723 675 3784 ed
694 3716 781 3799 ἔφες
803 3713 1017 3802 αὖτὴντ·εἰιιο
1033 3736 1118 3792 eam,
1139 3737 1177 3778 an
1192 3711 1246 3773 tone

313 3816 375 3862 oet.
397 3796 453 3862 καὶ
485 3801 675 3864 adiunctum
703 3805 801 3876 dicit,
834 3806 911 3883 quia
946 3803 1014 3862 duo
1048 3805 1204 3882 pertinent
1222 3785 1246 3849 td

316 3877 404 3963 ἄφες
423 3875 528 3968 αὐτὴν
548 3892 627 3949 nim.
648 3884 708 3964 ἕως
728 3883 854 3973 σκάψω
876 3897 909 3945 et
927 3877 969 3951 oin
1018 3880 1052 3948 to
1073 3881 1184 3968 norint
1199 3894 1244 3953 “tl

316 3966 390 4034 πόν.
412 3990 456 4017 ·-·
477 3967 579 4046 Quod
605 3983 675 4030 turn
700 3983 824 4052 suapte·
841 3985 974 4042 natura¹
1003 3972 1111 4042 orius,
1140 3961 1244 4024 tunim-

316 4054 429 4130 primis
449 4049 495 4112 ob
516 4050 669 4114 disertam
689 4053 858 4122 ἀντίθεσιν
877 4073 909 4118 r·
928 4073 958 4134 9·
977 4050 1093 4140 μὲν-
1109 4047 1142 4115 δὲ
1165 4049 1202 4105 rix
1217 4038 1244 4096 ft·

217 4185 220 4190 .
316 4132 457 4248 rendpru
476 4131 616 4196 videtur.

359 4229 361 4239 ’
547 4241 550 4249 ’
567 4239 576 4268 a
