2608 4996
343 407 463 458 ······.·
512 388 584 468 147
636 411 751 434 ·····

39 561 113 610 rum
134 557 192 634 ap.
209 537 324 613 Mitt.
342 565 380 615 v.
402 549 459 624 ii.
484 541 575 614 item
598 539 637 618 ol
661 541 868 648 &spissior
885 545 950 643 ep.
970 481 1066 626 Luci

40 667 70 710 v.
85 661 139 724 53.
157 655 194 710 et
210 647 284 714 Mc.
297 667 334 716 r.
353 662 409 732 ιθ.
428 640 466 718 oi
480 643 560 718 ccii
576 645 801 746 Φαρισαίων
819 648 991 740 μαθηταὶ
1009 653 1062 724 ie-

39 741 127 812 iunia
142 761 350 818 exercentes
365 747 404 818 iii
421 745 703 844 interrogatione
718 748 859 820 Christo
875 753 1062 846 propositi

40 863 276 915 memorentur
291 845 334 936 ⁴⁸).
380 851 424 916 Iii
440 865 532 944 quos
548 872 623 919 nou
638 847 734 918 cedit
755 873 795 920 ea
819 873 939 950 causa,
967 877 1061 948 quae

40 944 223 1016 excusabit
236 940 383 1020 Ioannis
399 949 606 1044 discipulos.
654 953 738 1022 Hoc
762 950 813 1023 its
836 953 1060 1048 expedietur,

39 1063 75 1114 iit
89 1062 281 1142 utrumque
294 1049 532 1124 consocietur.

101 1153 213 1237 Nam,
249 1175 342 1244 quse
369 1169 424 1222 est
449 1147 570 1246 pristis
595 1139 817 1244 similitudo,
848 1153 894 1226 tle
916 1177 1059 1250 sponso,

40 1251 284 1348 paranymphis
299 1253 494 1348 aliquando
510 1248 770 1344 subtrahendo,
785 1259 1061 1354 moestitiaeque

39 1347 190 1438 futurae,
219 1353 276 1424 uti
303 1355 498 1448 proesentis
525 1355 703 1442 laetitiae,
730 1381 834 1429 ciues
856 1359 1059 1454 locupletes
1158 1421 1162 1426 .

41 1475 73 1520 ea
89 1471 170 1524 tunc
195 1455 348 1526 dernuin
372 1456 542 1528 idoneam
564 1455 674 1528 hahet
688 1457 784 1546 viui,
809 1459 903 1530 iisd
927 1461 1060 1532 Christi

40 1557 240 1652 loannisqiie
258 1556 469 1654 discipulos,
494 1559 755 1630 inuenientes
778 1558 941 1648 fortuna,
967 1561 1060 1634 refe·

40 1677 135 1726 rator.
186 1659 460 1732 Pharisaeorum
480 1659 587 1731 rebus
607 1659 695 1732 haee
715 1663 821 1732 nullo
844 1663 957 1734 modo
980 1663 1059 1735 ido·

41 1781 96 1826 nee
116 1760 273 1830 collatio.
333 1766 470 1832 Verum
494 1757 568 1848 his,
603 1785 695 1857 quae
715 1781 932 1858 sequuntur,
961 1789 1061 1854 cuni,

41 1859 88 1926 iir'i
101 1861 191 1946 dixi,
219 1861 379 1956 graviter
393 1863 551 1934 inculcet
565 1863 762 1950 Dominus,
790 1865 882 1934 nihil
909 1891 985 1938 esse
1007 1865 1059 1936 ie·

42 1961 195 2032 ciendum
212 1965 251 2033 iii
273 1963 347 2034 vita
365 1965 553 2036 communi
575 1963 720 2052 absoni,
746 1989 890 2060 carpere
914 1987 985 2038 niis
1006 1963 1060 2038 vi·

43 2061 134 2132 detur
165 2065 459 2152 Pharisaeorum,
491 2066 557 2161 qni
585 2065 718 2138 exteris
743 2067 874 2138 ritibus
905 2069 980 2162 legi
1002 2091 1058 2140 ce·
1095 2129 1098 2140 .

42 2167 217 2238 remoniali
234 2168 423 2238 voluntate
436 2167 582 2238 ediectis
600 2181 717 2238 essent
732 2167 957 2254 deditissimi,
980 2193 1061 2266 per·

43 2290 165 2340 versnni
193 2269 437 2340 sedulitatem.
488 2271 621 2364 Inique
650 2267 750 2340 enirn
779 2271 975 2364 postulari,
1005 2287 1059 2361 ut,

42 2389 119 2460 qnae
132 2395 278 2442 morosa
302 2368 479 2462 sentiendi
498 2369 717 2464 vivendique
736 2371 828 2440 rstio
846 2371 968 2468 potius
982 2372 1060 2444 viee

43 2469 80 2536 sit
102 2473 182 2542 liiiio
194 2472 358 2556 scholae,
389 2471 515 2542 cadeira
541 2495 678 2544 anovo
698 2493 829 2566 genere
848 2472 1061 2568 disciplinae

43 2575 245 2664 requiratur.
298 2577 403 2646 Tecte
421 2571 534 2667 igitur
556 2571 753 2644 affirmavit
774 2579 963 2660 Servatur,
989 2575 1061 2649 alie
1149 2577 1157 2602 ⁸

44 2694 110 2742 ase
144 2699 217 2746 esse
254 2675 504 2768 exspectanda.
560 2681 660 2770 Quae
689 2674 934 2768 disputatione
963 2673 1060 2748 inire

44 2777 268 2867 proponenda
281 2776 474 2844 dilucidius
490 2775 675 2868 patebunt.
730 2778 944 2847 Persuadere
964 2781 1059 2848 enine

45 2877 119 2946 mihi
132 2903 199 2950 non
213 2901 382 2968 possiem,
409 2869 687 2948 Pharisaeorum
694 2879 833 2974 nullone
847 2879 1062 2972 interposito

45 2977 330 3052 dondolinhitnm
346 2981 615 3077 eucrotioriein
625 2975 687 3074 **).
1145 2981 1148 2990 ’

45 3155 233 3176 Ψ

59 3254 86 3332 *)
103 3257 168 3318 Sec.
194 3257 298 3320 Mtrls'.
357 3271 584 3320 mcunctnntur
609 3255 770 3320 Christum
800 3257 932 3320 loannis
965 3256 1059 3318 disci·

107 3333 191 3410 poli,
224 3354 289 3394 sec.
349 3355 397 3393 ne.
416 3331 597 3408 Pharisaei,
629 3353 692 3396 sec.
717 3337 786 3394 Mc.
810 3333 962 3394 videntur
980 3338 1059 3394 utri·

110 3427 170 3486 que
191 3427 375 3470 sermonem
394 3413 573 3470 instituere.

61 3525 105 3608 ἢ)
124 3531 158 3590 ln
173 3533 232 3593 ilia
250 3533 315 3593 abit
333 3533 454 3592 Patruus
474 3537 508 3592 in
524 3533 646 3594 Comm.
667 3531 708 3592 ad
725 3529 755 3592 h.
773 3531 795 3590 l.
815 3533 915 3593 Recte
933 3527 1084 3593 monui(

22 3607 26 3614 '
109 3608 303 3748 Fiirzslciires
325 3610 382 3685 (in
404 3611 526 3750 Qem'iz.
547 3607 588 3666 ad
610 3606 843 3753 Ιέῑὶρἇκοιοηῖ
859 3611 1061 3765 ἅπφισῗείαξὶ

109 3706 483 3844 Ξὲῐῗοὺὲῗὲῗιῧῖὶςᾝ
496 3707 757 3850 idse’xpticitione
765 3706 965 3850 5prtrrhendsis
976 3728 1060 3828 hese.

113 3847 187 3907 Non
215 3864 302 3908 reete
326 3847 487 3930 neglexit,
523 3845 603 3906 haec
624 3859 656 3904 et
676 3845 850 3906 Pharisaeis
878 3866 945 3906 osse
966 3843 1060 3934 dicte.

112 3951 146 3966 -·
168 3925 316 4004 Quartae
334 3921 569 3994 similitudinis,
592 3941 675 4000 quae
696 3936 743 3984 est
762 3925 874 3984 Laecae
889 3918 1060 4010 periclitans

117 3995 153 4072 (v.
173 4000 231 4076 59.)
257 4019 367 4060 sensus
390 4012 454 4058 est:
494 3997 559 4074 Qui
578 3995 712 4056 meliore
732 4012 817 4058 sorte
837 4001 937 4056 utitur
956 3991 1061 4064 (Chri-

59 4167 63 4174 '
114 4071 151 4164 rii
167 4073 385 4168 discipuliheo·
398 4075 679 4204 ”ipernioeknmn
690 4077 777 4148 cupit
792 4073 951 4162 deteriora
967 4065 1061 4144 (Plia-

117 4165 288 4208 risaeorum
309 4148 532 4225 disciplinam).
619 4165 638 4205 o
659 4143 787 4207 beatem
808 4145 975 4224 prnediest
993 4161 1062 4201 sor·

116 4232 177 4280 teni
195 4242 294 4286 suam.
331 4223 435 4284 Aliter
453 4225 574 4282 Pinnos
592 4228 629 4282 in
651 4223 773 4284 comm.
794 4220 873 4281 hirec
893 4220 935 4280 de
953 4215 1063 4278 indul·

659 4316 970 4382 110⁵.
