2648 4990
73 503 155 594 diit,
169 500 411 598 {aususque
424 509 577 590 munus,
595 500 700 576 ossius
716 473 885 600 obeundi
896 503 1101 600 stupiditate

73 626 106 678 et
121 606 267 704 ingenti
284 622 323 676 et
340 605 572 676 sanctissima
590 604 639 680 ab*
657 605 814 678 ineunte
831 623 951 680 setste
973 605 1102 704 flagra·
1157 587 1161 594 ⁴
1224 676 1231 696 ,

73 710 146 796 vit,
165 725 317 778 strenue
337 706 458 778 tuitus
477 723 542 778 est
592 711 785 778 Summam
805 707 885 780 eius
908 709 1102 798 orationis,

74 813 195 882 cortut'
205 807 395 880 estuante
409 808 657 882 multitudine
671 807 836 894 habitae,
863 810 1018 882 tradunt
1033 833 1104 882 nu·
1161 804 1176 831 '‘

75 910 125 982 bis
145 909 409 1007 Evangelittae
440 909 500 980 his
522 909 666 984 verbis:
707 905 946 1004 μετανοεῖτε,
974 908 1119 1008 ripparii*

76 1010 144 1117 γάρ
161 1007 182 1100 ἡ
200 1010 385 1102 βασιλιεία
398 1010 482 1112 ,τῶν
500 1007 691 1110 οὐρανῶν.
742 1011 856 1083 Mtth.
872 1027 916 1100 4,
938 1035 994 1099 ¹7·
1026 1015 1103 1086 Mc.

80 1139 115 1199 1,
141 1133 195 1198 15.
255 1117 317 1186 Ex
351 1135 422 1208 qua
463 1113 636 1184 oratione
666 1111 743 1184 duo
772 1112 864 1182 haec
896 1131 1104 1209 emergunt.
1139 1173 1141 1178 .

77 1214 234 1286 Primum
251 1231 476 1286 revocantur
492 1207 681 1284 auditores
706 1235 726 1284 a
752 1237 903 1286 morum
927 1215 1106 1308 perversi·
1134 1261 1137 1270 .

77 1331 206 1388 tatere
231 1313 406 1388 sordibus
426 1313 478 1386 'ad
506 1313 645 1388 bonam
661 1311 810 1410 frugem
834 1316 1106 1410 melioremque
1200 1333 1206 1342 '

80 1412 184 1492 enimi
207 1414 547 1488 conformationem
556 1441 568 1500 ;
604 1415 691 1487 dein
718 1437 824 1504 vero,
848 1415 888 1486 id
910 1417 1013 1512 quod
1036 1443 1107 1490 no·
1173 1501 1179 1512 Ι

79 1535 145 1592 strr
169 1541 278 1590 nuno
306 1517 463 1594 interest
481 1517 730 1612 perspexisse,
763 1525 922 1615 regnum
949 1521 1108 1592 Messia-

79 1643 163 1692 num
172 1619 396 1692 brevissimo
411 1625 585 1711 “soporis
600 1619 721 1714 sputio
734 1619 802 1710 <iu
814 1619 915 1692 enim
925 1643 959 1690 v.
976 1616 1108 1716 ἤγγικε

80 1721 235 1808 rudioris
253 1737 370 1792 notae
385 1721 605 1814 interpretes
625 1722 672 1792 ad
691 1744 814 1792 unum
833 1743 965 1792 onmes
988 1723 1109 1818 expli·

82 1827 168 1914 cant)
183 1820 405 1894 adfuturum
420 1845 500 1894 esse
515 1822 742 1916 perhibetur.

145 1934 270 2020 Atque
289 1924 420 1996 eodem
446 1924 611 1996 tendunt
627 1947 667 1996 ea
683 1924 785 2009 loca,
810 1923 852 1994 in
871 1923 1009 2020 quibus
1033 1949 1110 1998 coe·

84 2021 168 2097 lestis
194 2029 302 2126 regni
331 2027 576 2120 praedicatio,
612 2049 703 2122 quae
737 2017 887 2098 Christo
918 2025 1108 2117 tribuitur,

85 2149 160 2199 cum
192 2131 420 2202 miraculosis
455 2127 534 2200 eius
571 2127 819 2200 sanctionibus
853 2127 1109 2224 coniungitur.

86 2229 250 2320 Mtthdp,
281 2251 339 2314 23.
363 2253 406 2322 9,
436 2249 493 2316 35.
520 2233 636 2318 (Luc.
663 2253 766 2322 9,.a.
793 2231 841 2316 6.)
869 2233 1028 2325 Egregie
1043 2231 1112 2326 igi-

86 2343 139 2400 tur
153 2331 466 2426 praeparabantur
482 2330 599 2402 animi
615 2329 662 2402 ad
685 2330 756 2402 rite
773 2330 1034 2424 excipientium
1053 2355 1113 2404 so·

85 2435 294 2524 spitatorem
309 2430 482 2504 futurum
497 2431 822 2528 (quandoquidem
842 2431 1114 2505 ardentissimis

85 2534 173 2604 votis
190 2559 230 2605 ea
253 2524 372 2606 aetate
395 2558 416 2605 ι
441 2535 623 2629 plerisque
637 2531 782 2606 Iudaeis
800 2531 1112 2627 exspectabatur),

87 2635 311 2728 experiundo
338 2633 518 2708 beneficit
550 2635 648 2721 eius,
684 2635 750 2728 qui
784 2635 932 2708 tametsi
951 2637 1114 2708 Messiue

88 2759 217 2810 nomen
229 2735 429 2826 reticebat,
456 2737 592 2830 apertis
610 2755 735 2808 tamen
750 2736 874 2821 verbis
892 2735 1113 2824 declarabat,

89 2835 168 2908 haec
186 2855 294 2910 tanta
314 2837 413 2910 bons
429 2853 522 2908 'cum
540 2861 657 2932 regno
682 2837 812 2913 divino
839 2861 955 2932 prope
980 2840 1114 2911 accele-

89 2955 184 3012 rante
205 2963 289 3012 esse
303 2942 514 3012 coniuncta.
564 2939 814 3012 Praesentiam
837 2939 933 3035 regis
951 2939 1116 3010 theotra-

92 3037 148 3108 tici
164 3041 293 3136 reique
306 3042 517 3112 Messianae
531 3041 626 3113 laets
642 3042 749 3113 initis
774 3065 855 3112 non
878 3039 1022 3112 minore
1039 3058 1117 3114 stu·

94 3137 148 3210 dio
165 3141 277 3214 iussit
295 3143 510 3236 discipulos
527 3169 592 3237 per
615 3141 725 3214 urbes
751 3141 1036 3236 provinciasque
1052 3149 1117 3212 Pa·

93 3239 262 3316 laestinae
275 3244 518 3330 annuntiare,
546 3243 701 3338 quibus,
729 3244 760 3316 si
775 3243 873 3314 nihil
887 3247 1025 3340 magis,
1046 3244 1119 3316 hoc

95 3339 366 3433 tameu‘effeoit,
394 3363 439 3416 ut
460 3347 572 3418 latius
593 3343 775 3440 proferret
799 3369 922 3416 rerum
941 3344 1119 3417 maxima·

94 3467 170 3513 rum
186 3447 499 3540 exspectationem
517 3465 554 3517 et
571 3447 742 3518 aculeum
755 3446 796 3518 in
821 3446 955 3520 animis
979 3446 1120 3518 multo'·

95 3565 172 3616 rum
194 3549 431 3642 relinqueret.
479 3549 595 3620 Mttb.
616 3573 679 3632 ro,
700 3571 733 3638 7.
770 3553 920 3640 Lucp,
950 3571 980 3620 c.
997 3551 1031 3622 6.
1061 3571 1120 3634 ιο,
1198 3625 1201 3632 ,
1297 3539 1298 3548 ¹

98 3665 126 3732 9.
145 3671 196 3716 ιι.
246 3655 344 3720 Nam
367 3649 450 3720 sine
473 3648 610 3736 dubio,
636 3649 703 3744 qui
726 3649 834 3746 regni
855 3649 1025 3721 coelestis
1050 3648 1148 3726 ini·.

98 3744 142 3814 tia
158 3748 293 3824 instare
309 3749 530 3839 audiebant,
552 3749 680 3822 Iudu'ei
693 3749 790 3820 nihil
804 3748 906 3845 prius
921 3749 993 3822 sibi
1012 3773 1123 3844 quae·

98 3848 248 3928 rendum
282 3867 513 3946 putaverunt
550 3853 637 3926 sede
676 3851 882 3947 ceterisque
918 3847 1123 3922 virtutibus

100 3947 265 4046 principis
290 3953 402 4024 huius
424 3951 541 4051 rogrti.
592 3959 694 4050 Ergo
708 3953 781 4024 ‘bac
804 3951 960 4048 provida
984 3968 1022 4024 et
1037 3976 1124 4046 pru·
1170 3993 1172 4000 <

102 4046 203 4122 dente
220 4052 365 4134 ratione
382 4079 459 4137 rem
476 4076 670 4152 aggressus
691 4055 898 4140 Dominus,
921 4070 1125 4148 utrumque

102 4165 152 4216 est
164 4173 402 4250 assequutus,
429 4173 526 4231 utet
543 4155 825 4228 reiMessianso
846 4177 930 4250 spes
955 4154 1127 4226 slscriter
