2654 4988
519 392 765 470 -oo
816 422 936 448 --

199 550 308 632 θινὸν
330 546 441 637 θεὸν,
472 539 543 622 arai
567 541 612 622 dv
642 539 871 640 ἀπέστειλας
891 547 1050 640 Ἰησοῦν
1064 553 1236 664 Χριστόν.

194 663 301 730 Bona
340 651 452 724 huiua
488 648 609 737 vitae,
647 649 770 746 tantas,
803 653 1086 754 magnificasque
1125 660 1237 756 dapes,

200 753 454 840 matrimonia,
490 751 577 822 alias
601 753 806 826 reconditas
830 757 969 830 Iudaici
993 758 1133 857 ingenii
1157 763 1238 836 deli·

198 857 278 934 cias
296 881 371 930 non
397 853 512 927 verbo
536 851 694 948 attingit.

194 1003 204 1012 ·
274 968 325 1032 Et
357 958 389 1031 si
422 955 487 1055 qui
521 981 720 1052 provocare
752 973 895 1033 tentant
925 961 969 1036 ad
1000 949 1142 1053 atina.
1173 955 1239 1055 ἕως

200 1060 395 1170 ἱρχομαι,
435 1061 536 1154 quod
562 1059 602 1130 in
626 1060 663 1130 h.
690 1086 788 1132 nexu
811 1063 857 1134 de
876 1062 1016 1136 visibili
1038 1067 1240 1162 splendido·

199 1191 273 1265 que
299 1161 432 1236 Christi
455 1160 577 1232 reditu
600 1178 698 1233 recte
720 1165 953 1259 explanatur,
989 1185 1036 1241 ut·
1063 1169 1241 1266 augustio·

72 1273 76 1284 '
197 1293 239 1343 ra
268 1263 452 1339 doctrinae
484 1259 605 1339 forma
630 1264 846 1338 delineanda
878 1269 1068 1342 erravisse.
1091 1295 1157 1342 uos
1181 1272 1241 1342 cti·

199 1371 404 1456 minentur,
441 1367 661 1460 regerimua,
694 1386 927 1444 externorum
951 1373 1241 1468 internarumque

198 1473 345 1572 pondus
385 1485 710 1564 argumentorum,
759 1495 845 1542 curn
883 1471 1017 1544 criticis
1067 1474 1241 1572 plerisque

200 1593 344 1650 unctam
370 1571 475 1642 nobis
501 1572 634 1662 videri,
674 1589 717 1645 ut
744 1574 954 1670 pericopam
981 1577 1241 1650 extremarum

199 1676 399 1775 appendice
425 1673 623 1748 habeamus
647 1681 806 1749 Ioanneo
831 1678 1021 1748 volumine
1037 1705 1112 1752 non
1129 1678 1239 1772 digna.

275 1778 423 1872 Ubique
461 1802 509 1848 ex
542 1778 578 1850 h.
613 1802 725 1873 opere
758 1779 919 1875 apostoli
957 1782 1092 1856 amoris
1126 1781 1241 1876 prodit

198 1881 323 1978 imago
350 1879 514 1950 coelestis
541 1880 668 1965 amici,
702 1879 779 1971 ¹lilii
805 1882 896 1969 Dei,
921 1882 1032 1952 erecti
1053 1907 1164 1978 super
1187 1883 1241 1952 ad«

119 2059 124 2066 ,
197 2008 301 2057 versa
325 2000 537 2077 temporum
568 1979 735 2070 fortuna,
776 1984 1038 2080 triumphantis
1074 1986 1121 2057 de
1140 1982 1241 2085 ¹malis

196 2084 377 2158 humanis.
429 2089 559 2155 Coram
590 2085 667 2155 eius
697 2085 879 2181 intrepida
909 2087 1129 2182 potentique
1161 2109 1241 2158 voce

197 2187 311 2262 falsae
346 2185 508 2260 iustitiae
533 2188 705 2258 satellites
726 2188 1025 2266 contremiscunt
1048 2213 1087 2278 7,
1105 2206 1166 2279 44.
1186 2193 1239 2276 46.

77 2369 84 2384 ,
197 2294 325 2364 Morte
349 2288 406 2358 uti
431 2289 535 2358 omni
549 2289 644 2361 vitae
663 2313 775 2384 opere
798 2293 1028 2362 illustrantur
1041 2286 1240 2383 (δοξάζεφ

197 2393 280 2479 θαι)
303 2391 470 2484 utrique,
497 2407 600 2486 pater
624 2408 661 2462 et
686 2392 797 2464 filius.
849 2397 955 2464 Mors
980 2393 1060 2464 eius
1081 2396 1241 2490 aequipa-
1318 2469 1319 2479 χ

197 2511 300 2568 ratur
325 2493 452 2564 oblato
478 2510 608 2587 sponte
634 2492 810 2564 sacrificio
834 2495 875 2568 in
900 2497 1142 2568 commodum
1166 2518 1239 2567 suo·

197 2621 282 2670 rum
309 2612 346 2666 et
372 2595 411 2664 in
439 2591 538 2664 orbis
561 2597 715 2666 salutem
732 2596 776 2684 ⁴¹).
807 2620 865 2684 ιο,
888 2617 1104 2686 17.13.ra,
1133 2615 1179 2687 qq
1200 2596 1240 2666 al.

275 2699 365 2768 Inde
401 2700 558 2796 mystica
596 2698 788 2794 Evangelii
822 2693 976 2797 formo,
1028 2697 1241 2800 continentia
1317 2707 1318 2720 ²

198 2799 496 2895 disceptationem
523 2800 569 2868 de
594 2821 707 2894 regno
733 2799 871 2886 divino,
898 2800 1033 2896 absque
1050 2827 1149 2874 nexu
1165 2824 1242 2872 cum
1316 2891 1317 2901 ἵ

197 2899 370 2975 formula.
431 2903 547 2973 Notio
572 2902 735 2974 iudaicae
767 2903 919 2997 originis
947 2920 985 2974 et
1010 2906 1121 2998 patrii
1146 2917 1242 3000 argu·
1316 2937 1317 2994 ς

133 3005 135 3014 ⁴
197 3004 316 3076 menti
349 3003 527 3076 exstincta
553 3020 616 3075 est.
681 3010 821 3075 Tamen
857 3003 1020 3078 Christus
1047 3029 1069 3076 a
1095 3004 1242 3078 familia·

197 3107 343 3181 rissimo
371 3124 409 3176 et
434 3105 683 3178 amantissimo
709 3107 888 3201 discipulo
922 3107 966 3176 ad
992 3106 1169 3186 intimum
1193 3107 1242 3176 in·

198 3209 350 3308 genium
377 3208 597 3292 delineatus,
638 3208 887 3280 maximorum
921 3207 1088 3284 virorum
1125 3232 1242 3304 exper-

197 3329 257 3384 tus
282 3328 336 3382 est
361 3310 621 3406 deplorandam
654 3326 813 3398 sortem,
855 3313 972 3398 solus,
1013 3309 1122 3386 fortia
1154 3313 1243 3384 inter
1314 3333 1315 3410 3

195 3413 381 3499 infirmor,
425 3414 486 3484 vel
521 3412 617 3484 male
643 3428 833 3507 perceptus
865 3413 927 3484 vel
953 3416 1156 3502 nonsatis,
1191 3409 1242 3482 uti
1314 3411 1315 3414 ’

198 3535 252 3588 eat
280 3515 401 3586 inhia
432 3517 488 3602 16,
519 3539 575 3585 ra.
609 3509 664 3587 ἔτι
702 3509 834 3586 πολλὰ
868 3510 958 3610 ἔχω
991 3509 1123 3590 λαλεῖν
1151 3509 1240 3610 ὑμῖν,

198 3613 286 3693 ἀλλ’
319 3609 368 3688 οὐ
403 3611 577 3689 δύνασθε
600 3611 815 3704 βαστάζειν
848 3611 951 3723 ἄρτι.
1003 3623 1046 3688 In
1067 3619 1150 3716 qua
1173 3609 1242 3688 orass
1313 3669 1314 3679 ,

197 3720 301 3792 tione
328 3729 524 3815 qnantum,
562 3739 717 3812 quaeso,
756 3717 925 3813 ponderis
951 3718 1068 3792 inesse
1094 3723 1180 3792 licet
1202 3713 1263 3798 ad'
1313 3717 1314 3746 ¹

104 3873 107 3882 -
197 3820 475 3894 informandum
502 3820 637 3891 Christi
669 3847 710 3892 su
739 3820 909 3914 recivas
942 3827 1028 3898 s'uos
1060 3821 1241 3918 sociosque

198 3925 320 4019 operis
346 3924 484 3993 elatum
506 3846 737 4019 ingeniumi

234 4120 341 4276 Ἲιὲξ.
363 4115 507 4275 arl¹4l18aec
524 4120 655 4186 Sarma.
674 4117 709 4184 d.
730 4121 798 4186 cler.
821 4119 932 4187 Zeira
955 4138 987 4188 υ.
1011 4121 1045 4186 It.
1071 4101 1192 4188 utana
1206 4137 1237 4199 p·
1311 4167 1312 4172 ,

458 4309 892 4336 w·
