2608 4996
49 533 192 612 dubium
206 531 384 606 iudicium
398 531 506 605 certio
529 529 732 610 rationibus
752 548 793 606 et
806 531 852 608 ed
869 531 924 610 rei
939 535 1076 613 verita·
1107 595 1110 606 .

48 657 113 712 tem
133 637 210 708 eine
225 635 277 708 ira
293 653 331 708 et
348 635 471 708 studio
486 633 675 708 stabiliret.
700 659 777 692 *τ’
1070 661 1072 668 ’

112 738 151 834 b)
177 745 211 808 E
226 737 371 810 dicendi
385 733 520 834 genere
535 736 670 822 Christi
686 736 896 813 erminceo
911 755 949 814 et
964 763 1075 832 paro·

49 843 153 927 dono,
186 839 289 912 euius
313 863 401 912 eum
423 854 607 913 amantem
629 835 759 930 fuisse,
789 861 894 910 more
915 841 1074 914 Orientie

49 943 247 1030 doctorum,
270 941 355 1014 eatis
377 957 517 1012 constat
534 937 600 1030 (oi.
619 944 694 1014 Mo.
712 967 752 1036 9,
770 961 831 1026 55.
848 941 931 1036 u),
958 942 1074 1038 expli·
1137 970 1140 978 ’

50 1042 151 1132 cabis3
176 1041 298 1140 quod,
325 1066 411 1114 eum
425 1033 549 1114 statim
565 1058 649 1114 ante
665 1041 713 1114 de
733 1047 871 1114 Ioanne
887 1041 1078 1127 confessae

50 1143 165 1218 fuerit:
204 1138 281 1218 οὐκ
298 1137 504 1247 ἐγήγερται·
520 1134 556 1218 ἓν
571 1137 758 1242 γεννητοῖς
778 1143 972 1244 γυναικῶν
995 1142 1080 1234 uei«

50 1242 139 1334 ζων,
165 1247 344 1318 continuo
365 1263 487 1318 tamen
510 1269 549 1318 ae
565 1243 692 1340 ipsum
703 1245 893 1318 vocaverit
913 1242 1079 1340 μείζονα,
1145 1298 1147 1304 -

49 1347 111 1420 τοῦ
123 1343 319 1421 Ἰωάννου.
369 1342 530 1418 Minime
545 1369 656 1434 vero,
684 1347 784 1442 quod
796 1347 1075 1444 antiquioribus,

48 1449 104 1543 qui
115 1447 352 1520 ecelesiastica
389 1448 559 1546 dogmata
598 1471 788 1543 perperam
820 1446 1077 1526 immiscebant

50 1551 171 1638 textui,
211 1549 396 1639 iniust),
435 1575 474 1624 ae
502 1549 623 1645 iprum
656 1549 801 1644 excepit
830 1549 935 1645 quasi
956 1571 1077 1624 none

50 1651 190 1724 muliere
204 1669 356 1740 natum,
370 1651 433 1723 eed
446 1651 596 1724 insolito
610 1649 724 1724 modo
743 1651 988 1748 progenitum.
1031 1651 1076 1726 Id

52 1753 136 1824 enim
152 1777 172 1824 a
190 1770 363 1826 contexta
387 1755 553 1827 oratione
573 1751 849 1843 alienissimum.
871 1789 925 1814 -··
973 1755 1082 1828 cete-r

52 1877 121 1924 mm
143 1879 227 1941 nec,
256 1856 287 1928 si
309 1855 499 1950 vulgarem
522 1853 681 1950 aequaris
707 1852 1007 1948 explicationem,
1033 1852 1078 1926 li-

51 1953 216 2032 beraberis
237 1959 323 2042 hae.
352 1956 383 2028 si
403 1979 475 2052 qua
497 1972 572 2047 est,
594 1955 788 2030 insolentie
814 1956 1010 2045 sermonis,
1034 1973 1079 2028 ut

51 2057 210 2152 inpriore
234 2057 427 2132 enuntiato
450 2057 568 2128 maior
584 2053 775 2145 omnibus,
802 2056 909 2152 qui-e
925 2054 1078 2130 feminis

51 2161 116 2230 nati
126 2177 225 2248 sunt,
244 2159 474 2255 praedicetur
490 2162 664 2244 Ioannes,
688 2155 728 2230 in
744 2161 939 2250 posteriore
954 2177 1079 2232 autem

53 2264 102 2332 vel
125 2262 273 2344 minimi
295 2260 561 2356 discipulorum
579 2260 713 2332 Christi
733 2257 826 2356 (non
851 2260 973 2334 minue
995 2285 1079 2358 pro·

17 2377 19 2388 ¹
52 2359 135 2436 ferto
156 2364 215 2436 illi
238 2380 345 2448 utero
369 2361 568 2460 progeniti)
592 2363 633 2434 in
654 2362 760 2458 regni
786 2361 953 2438 coelestia
976 2363 1080 2436 dimi·
1138 2399 1140 2404 ·
1229 2329 1232 2334 A

51 2465 138 2559 piim
168 2471 307 2550 Ioanne
337 2463 494 2538 maiores
524 2463 701 2536 dioennu.
759 2465 928 2538 Alterum
965 2463 1080 2560 igitur

52 2568 151 2638 altero
172 2569 239 2642 vel
263 2567 427 2657 tollitur,
452 2565 517 2642 vel
536 2566 660 2664 potius
681 2563 865 2656 limitibus
887 2563 1080 2665 adstringi·

51 2684 111 2742 tur,
135 2704 186 2728 ..-

110 2771 144 2864 o)
175 2767 411 2846 Vocabulum
436 2757 601 2860 ,ἐστιν’
623 2769 664 2840 ἰιι
691 2765 765 2841 fine
789 2791 825 2842 v.
846 2791 903 2844 ιι.
930 2793 1004 2844 non
1025 2793 1082 2844 re·

52 2867 121 2942 fero
136 2872 275 2944 adrem
289 2866 572 2971 certofutumm
588 2877 693 2968 (quae
708 2875 1082 2951 estemezscmrsen·

53 2973 171 3061 tentia,
192 2999 388 3070 perperam
403 2973 638 3069 provocantis
652 2971 698 3044 ad
713 2998 748 3046 v.
764 2993 798 3059 3.
824 2973 863 3046 in
888 2997 965 3070 quo
978 2997 1083 3072 prae·
1168 3045 1174 3060 ,

55 3097 119 3146 rem
135 3069 157 3148 ὁ
175 3071 392 3180 ἐρχόμενος
408 3075 499 3146 item
514 3075 580 3148 eit:
602 3073 664 3168 qui
679 3091 775 3148 certo
790 3079 909 3168 veuit3
933 3076 965 3148 is
981 3077 1082 3148 enim

54 3173 147 3250 locus
161 3203 208 3248 ex
227 3177 303 3248 alio
320 3195 375 3250 est
391 3179 543 3270 genere)
549 3200 561 3260 5
583 3175 687 3272 quasi
704 3175 865 3250 Christus
878 3201 955 3252 non
970 3178 1083 3276 priua,

57 3297 155 3368 quam
171 3277 330 3352 Messiae
344 3278 573 3372 provinciam
590 3278 629 3348 in
647 3303 684 3348 se
697 3279 907 3372 recepisset,
931 3303 1017 3352 eum
1036 3279 1085 3351 sit

54 3379 239 3474 aliquando
256 3395 499 3474 superaturus.
534 3379 646 3474 ,Quid
663 3379 695 3450 si
716 3379 789 3453 iam
807 3405 904 3452 nuuc
921 3376 1084 3476 recepit?

54 3481 125 3550 imo
140 3484 212 3554 iam
234 3507 335 3554 nunc
354 3481 490 3570 vincit,
516 3505 601 3552 cum
618 3480 712 3552 adsit
726 3481 953 3554 Messianum
967 3481 1084 3580 impe·

54 3581 158 3654 rium·
205 3587 270 3679 De
278 3593 459 3680 praesenti
483 3580 584 3653 enim
604 3597 642 3652 et
657 3605 809 3676 persona
832 3601 871 3656 et
891 3580 1008 3688 officii
1029 3607 1083 3656 ra·

57 3749 255 3798 buu-'anuh

71 3873 166 3956 *iim
188 3877 344 3954 iridem,
370 3895 469 3958 quem
496 3879 592 3939 toriae
621 3879 743 3956 excito,
758 3877 1015 3951 -Canrsosrormr
1034 3900 1089 3946 au·

122 3953 272 4034 apicatue‘
284 3969 332 4016 ert
354 3975 373 4014 ι
392 3955 540 4018 Domino
566 3949 614 4016 hia
643 3956 749 4018 verbio
768 3957 811 4020 ad
831 3963 992 4042 originem
1010 3981 1088 4041 pro·

120 4041 230 4100 vocari
250 4037 493 4100 miraculorem:
532 4023 571 4096 air
597 4027 681 4118 γάρ,
704 4043 766 4114 ait,
824 4033 893 4112 ιλὸς
914 4031 1073 4124 evaque·
1170 4051 1171 4054 ’

121 4099 179 4196 ἦν,
207 4105 281 4182 οὐδὲ
297 4109 407 4194 ὅμοιος
435 4111 602 4204 ἀνθρώπῳ
624 4111 767 4206 ἐτέχθη·
790 4115 886 4184 αλλὰ
899 4111 999 4200 ξένου
1012 4139 1089 4189 τινα

122 4195 222 4264 τόκον
237 4195 294 4266 uei
307 4185 509 4288 παράδοξον.
