2734 4998
236 1077 681 1208 snsrsrorr
738 1077 993 1204 uarro.

1 1471 2 1474 ¹
104 1399 277 1540 Luciam
295 1454 542 1528 tractaturus,
568 1459 682 1536 quern
699 1433 942 1512 exercitatum
959 1435 1158 1539 ingenium

33 1554 36 1563 ’·
108 1539 399 1638 doctrinamque
415 1539 662 1612 multifariam
677 1541 871 1636 postulare
886 1541 1022 1628 sentio,
1041 1558 1078 1612 et
1090 1539 1157 1612 dos

107 1643 369 1714 ctissimorum
400 1641 602 1716 hominum
629 1642 766 1742 studiis
791 1666 967 1738 persaepe
990 1641 1159 1714 illustra·

106 1761 194 1814 tum
210 1742 324 1828 n'ovi3
350 1743 464 1816 huius
483 1743 703 1834 temeritatis
719 1769 825 1818 meae
839 1743 977 1833 laetor,
1006 1767 1158 1816 excusa*

107 1845 258 1916 tionem
284 1845 373 1916 setis
393 1839 629 1940 probabilem
651 1845 693 1916 in
708 1845 779 1934 rei,
806 1869 920 1942 quarn
947 1845 1156 1944 aggredior,

107 1943 244 2018 indole
264 1963 377 2042 atque
396 1964 531 2020 natura
548 1963 716 2042 paratam
732 1945 827 2018 mihi
842 1969 931 2018 esse.
984 1953 1087 2042 Quae
1103 1961 1158 2018 tae

107 2047 158 2120 lis
186 2065 263 2135 est,
290 2066 334 2118 ut
361 2065 443 2118 tum
468 2049 669 2146 gravitate,
696 2065 781 2118 tum
808 2043 1042 2118 iucunditate
1066 2057 1158 2144 qua*
1193 2067 1202 2082 ··

107 2139 200 2220 dam
227 2168 294 2222 sua
316 2151 460 2224 solidae
484 2143 698 2248 theologiae
724 2149 888 2228 cultores
914 2145 1073 2232 alliciat,
1106 2151 1157 2236 ei,

106 2249 207 2348 quid
238 2252 439 2323 enaritate
460 2251 633 2346 proxime
656 2249 774 2339 absit,
800 2267 845 2348 ut
869 2249 1003 2322 sedulo
1028 2251 1158 2346 exqui-
1183 2255 1186 2262 ’

96 2369 219 2440 rant,
263 2352 513 2426 adhortetur.'
554 2351 690 2450 Agitur
721 2349 768 2424 de
797 2357 895 2424 recle
926 2349 1157 2424 inveniendi

109 2444 306 2532 subtiliter
334 2451 665 2550 uep‘roponenda
696 2453 857 2526 notione
891 2457 998 2552 regni
1029 2453 1157 2540 divini,

109 2555 223 2627 cetius
246 2555 288 2624 in
308 2480 411 2628 horis
427 2559 478 2627 N.
503 2561 545 2645 Τ,
572 2557 749 2628 historicis
775 2579 796 2628 a
824 2549 915 2632 i'es'u
937 2544 1086 2626 Christo
1111 2551 1159 2626 fit

108 2655 280 2740 menti03
314 2681 356 2730 ea
373 2681 463 2730 vero
480 2657 640 2728 notione
663 2657 747 2752 quis
764 2655 939 2754 ignoret,
961 2653 1157 2754 religionis

47 2807 49 2814 ·
107 2764 266 2830 nostrae
281 2775 491 2846 auctorem,
519 2749 764 2854 quaecunque¹
779 2743 998 2853 aequalibus
1015 2757 1093 2830 suis
1109 2753 1158 2828 de

109 2859 227 2932 rebus
252 2859 393 2932 <livinis
415 2859 636 2956 proposuit,
666 2858 788 2932 veluti
811 2855 1064 2932 fundamento
1089 2881 1158 2932 vo·

108 2952 233 3033 luisse
248 2961 341 3051 niti,
371 2979 408 3034 et
427 2987 473 3032 ex
490 2959 620 3034 eadem
640 2961 742 3033 varia
767 2953 984 3054 officioruin
1007 2950 1159 3060 genera,

1 3149 2 3152 Ἴ
110 3061 314 3160 itentidem
332 3048 592 3134 commendata
611 3058 712 3151 suis,
728 3055 911 3159 tanquam
928 3056 1071 3136 efonte
1088 3051 1159 3132 du·

110 3155 242 3235 nisse?
295 3159 367 3242 Sed
383 3181 534 3236 tantum
552 3161 693 3253 abfuit,
712 3180 757 3235 ut
770 3165 861 3235 haec
876 3159 922 3236 de
934 3175 1058 3262 regno
1076 3175 1159 3234 coe·

1 3319 2 3326 κ
110 3265 244 3336 lorum
268 3261 439 3338 doctrina
464 3265 510 3338 ab
538 3265 717 3338 omnibus
744 3255 882 3338 Christi
908 3263 1157 3342 sectatoribus

64 3420 74 3460 ¹,
111 3391 197 3438 uno
225 3367 344 3438 modo
368 3384 540 3464 percepta
564 3367 666 3440 etin
689 3365 789 3440 vitae
812 3375 927 3438 usum
954 3363 1156 3440 salutarem

1 3465 2 3470 ’
110 3469 298 3540 translata
312 3466 446 3558 fuerit,
466 3483 510 3540 ut
523 3493 640 3566 pauca
656 3493 781 3566 rerum
796 3457 1083 3542 christianarum
1100 3461 1160 3542 ca·¹

1 3601 2 3604 ¹
110 3557 194 3666 pita
209 3595 249 3642 re
278 3569 389 3660 eries,
412 3569 454 3642 in
471 3569 610 3668 quibus
625 3559 876 3664 diiudicandis
891 3585 1086 3666 tantopere
1099 3566 1159 3642 in·

110 3683 173 3742 tet
182 3693 222 3743 se
233 3593 458 3744 dissentiant
471 3671 691 3768 interpretes
706 3669 950 3746 historiarum
964 3671 1076 3770 periti
1088 3679 1160 3744 neo

110 3794 202 3844 raro
227 3795 382 3866 prorsus
405 3771 513 3846 dubii
535 3772 723 3846 haereant.
776 3772 869 3846 Eius
893 3774 996 3846 eninr
1016 3773 1159 3845 dissen-

112 3870 238 3960 sionis
259 3890 296 3972 et
311 3873 588 3973 apnbig‘uitatis,
617 3897 731 3972 quam
753 3869 796 3946 in
814 3879 1084 3972 apostolorum,
1110 3875 1158 3948 ds
1225 3887 1226 3892 ’

113 3987 160 4044 ea
177 3984 219 4044 re
236 3971 463 4066 dicentium,
489 3978 631 4072 scriptis
653 3969 941 4072 deprehendisse
955 3971 1068 4050 nobis
1084 3973 1158 4048 visi

113 4095 251 4144 sumus
269 4077 391 4148 veluti
407 4078 572 4167 semina,
597 4078 830 4152 lucidentius
846 4081 958 4152 etiarn
976 4077 1077 4174 apud
1092 4103 1158 4172 pc-

17 4226 19 4234 *
111 4192 191 4248 tres
205 4169 390 4268 ecclesibc,
414 4179 514 4256 inter
530 4203 626 4278 quos
642 4186 898 4257 Aususrrnu‘s
919 4183 1085 4278 palmam
1102 4173 1158 4250 fa·

909 4289 928 4363 l
