2734 4998
533 368 945 456 ·....„,.....,

219 547 293 621 cilo
310 542 490 618 omuibus
508 540 551 614 in
567 539 639 616 heo
656 538 827 614 doctrina
850 537 1067 616 exornanda
1085 540 1267 638 eripuisse

221 650 391 732 videtur,
412 661 620 718 recurrunt.
673 637 845 741 Quorum
862 644 1038 738 plurimi,
1066 629 1112 715 de
1131 671 1171 718 re
1195 647 1267 718 mi·

220 751 326 823 nime
352 746 456 820 facili
480 763 518 818 et
542 746 786 819 historiarum
809 745 1023 818 luminibus
1047 747 1158 819 unice
1175 748 1266 818 illu·

222 850 375 926 stranda
392 865 430 920 et
447 847 677 944 expedienda
694 847 952 942 philosophati
973 849 1077 920 iusto
1093 848 1276 938 liberius,

220 977 303 1026 non
314 951 486 1023 attulisse
501 949 679 1025 censendi
694 965 805 1038 sunt,
826 949 929 1044 quod
946 949 1150 1023 serioribus
1167 968 1266 1024 aeta-

221 1054 345 1140 tibus,
382 1077 479 1148 quae
500 1049 642 1124 maiore
666 1051 708 1122 in
730 1050 916 1124 librorum
937 1071 1127 1124 sacrorum
1148 1053 1266 1124 inter·

148 1213 152 1218 .
220 1153 432 1253 pretatione
453 1148 629 1256 ἀκριβείᾳ
648 1153 889 1250 supersedere
909 1153 1020 1226 nullo
1042 1154 1160 1226 modo
1177 1177 1266 1248 pos·

221 1274 332 1345 sunt,
357 1255 408 1327 sit
424 1252 674 1327 fructuosum.
725 1260 858 1349 Neque
881 1255 951 1324 hae
975 1255 1280 1344 controversiae,¹
1335 1322 1339 1332 ,

219 1356 373 1454 idquod
391 1355 599 1456 optandum
611 1379 849 1452 summopere
861 1373 949 1444 erat,
967 1355 1065 1428 intra
1079 1375 1265 1456 angustos

221 1459 436 1534 scholarum
452 1457 638 1531 cancellos
655 1457 966 1547 continebantur,
990 1457 1057 1528 sed
1071 1457 1199 1530 statim
1215 1459 1264 1530 ab
1312 1533 1317 1543 ,

219 1559 463 1634 incunabulis
477 1559 696 1654 disciplinae
711 1559 933 1632 christianae
944 1583 1026 1630 non
1042 1559 1170 1634 minus
1187 1560 1264 1632 sin·

220 1663 401 1765 gulorum
410 1661 612 1732 hominum
624 1661 740 1732 vitam
758 1661 890 1732 misere
906 1659 1129 1751 turbabant,
1147 1684 1263 1760 quam

220 1763 393 1836 ecclesias
418 1783 547 1834 recens
573 1759 752 1838 fundatas
784 1761 1024 1836 invadebant.
1049 1845 1064 1857 s·
1104 1768 1164 1836 Ex
1188 1765 1265 1836 hoc

218 1865 322 1939 enim
341 1887 475 1962 genere
489 1881 591 1952 sunt,
614 1889 710 1960 quae
727 1864 915 1962 prioribus
931 1865 1168 1959 postChristi
1185 1865 1263 1938 dis·

219 1991 371 2040 cessum
385 1967 521 2040 ¹seculis
535 1967 720 2064 originem
737 1963 892 2056 debent,
914 1967 1061 2038 somnia
1071 1969 1264 2042 chiliasta-

217 2083 334 2164 rum,
355 2093 518 2165 quorum
546 2087 696 2166 agmen,
732 2069 871 2140 sinon
900 2066 1036 2157 verbo,
1069 2095 1109 2141 re
1132 2087 1263 2142 tamen

218 2171 330 2244 duxit
345 2170 554 2240 Cerinthus.
608 2177 729 2267 Quem
742 2171 936 2242 hominem
953 2171 985 2240 si
1002 2171 1186 2268 acceperis
1206 2171 1264 2242 di·

215 2271 522 2348 versissimorum
557 2287 766 2360 tractuum,
803 2270 982 2369 Aegypti,
1014 2273 1260 2362 Palaestinae,

155 2367 160 2376 ⁴
190 2419 194 2434 ‹
218 2371 329 2448 Asiae
343 2397 425 2446 non
442 2389 592 2442 tantum
610 2397 736 2470 agros,
760 2373 932 2446 seditem
950 2374 1116 2446 nativam
1134 2375 1261 2470 phite'
1296 2363 1304 2380 ⁹

218 2475 391 2570 sophiam
411 2491 523 2570 atque
540 2475 762 2574 religionem
783 2475 1087 2569 perlustravisse,
1114 2476 1261 2548 taetris·
1364 2533 1365 2542 ,

218 2603 292 2676 que
324 2573 594 2671 cupiditatibus
625 2575 745 2649 fuisse
774 2577 1072 2665 deditissimum,
1110 2577 1260 2650 desines

215 2676 363 2768 mirari,
383 2677 415 2751 si
431 2679 607 2772 repereris
621 2703 757 2752 ausum
774 2701 853 2750 esse
870 2677 1086 2769 conciliare,
1106 2695 1203 2776 quae
1221 2695 1260 2750 et

217 2781 375 2878 origine,
386 2797 429 2852 et
441 2779 572 2850 indole
587 2779 730 2852 distant
746 2781 1078 2878 quamplurimum.
1115 2779 1260 2852 Mundi

163 2923 169 2939 »
216 2881 319 2954 enim
342 2880 640 2978 procreationem
662 2879 1000 2960 tribuensviribus
1017 2873 1258 2978 quibusdam,

215 2983 278 3055 uei
294 2983 435 3084 summi
458 2979 618 3080 ignaris,
646 2988 768 3080 (quae
791 2983 964 3082 deinceps
985 2984 1116 3080 opinio
1141 2983 1258 3054 latius
1279 3005 1297 3024 f

94 3075 100 3088 ’
213 3083 384 3158 manavit
400 3108 467 3179 per
487 3089 741 3157 Gnosticorum
760 3083 968 3173 familiam,
990 3089 1169 3157 varietate
1187 3099 1257 3158 sua·

212 3183 423 3278 notabilis)
452 3179 887 3282 Iesumque'hominem‚
921 3188 1083 3282 Iosepho
1109 3204 1148 3259 et
1170 3189 1257 3257 Ma·

212 3291 267 3360 ria
286 3288 513 3377 oriundum,
538 3285 811 3387 distinguensa
832 3289 1000 3374 Christo,
1036 3287 1105 3386 qui*
1121 3297 1257 3360 conso·
1350 3355 1357 3383 ,,

214 3381 321 3463 clarit
355 3415 394 3474 se
425 3414 511 3460 cum
542 3390 612 3461 illo
639 3407 807 3486 tempore
831 3390 1028 3486 baptismi,
1063 3390 1256 3462 recesserit

212 3511 383 3590 tempore
402 3487 588 3586 passionis
614 3508 651 3564 et
673 3493 828 3577 mortis3
856 3493 988 3564 docuit
1013 3491 1150 3586 apertis
1172 3513 1256 3562 ver·
1354 3513 1355 3528 ¹

214 3590 273 3666 bis
298 3583 466 3740 regpum'
486 3591 625 3667 Christi
647 3589 732 3669 fore
763 3587 1014 3694 millenarium
1040 3589 1161 3698 atque'
1183 3609 1255 3666 ter·

211 3701 404 3790 renutu«)

208 3851 416 3871 m—

229 3925 262 4007 ⁴¹)
280 3925 322 3986 Et
341 3924 475 4018 quidem
496 3925 732 4007 Hierosolymis
743 3909 986 3998 ‘instituendum
995 3963 1007 3997 ,
1028 3921 1117 4018 iestis
1137 3917 1255 3982 diebus

286 4015 319 4060 et
338 3999 518 4094 sacrificiis,
540 4007 711 4138 omnisffire
730 3998 1062 4146 genlprisEdfficapghs
1078 3995 1255 4132 volntraptpppt

195 4155 199 4167 ·
285 4075 560 4231 llhffltlflt'lt
581 4077 632 4224 ll:
648 4095 767 4234 ,tlt
784 4116 837 4214 a:
858 4118 1015 4229 Μ
1035 4093 1252 4232 stream.

256 4247 260 4264 ¹
283 4229 375 4291 haer.
387 4229 492 4311 sabb.
504 4229 543 4291 11.
556 4249 589 4316 p.
597 4241 664 4310 329.
685 4230 817 4296 Sceuae.
844 4229 996 4290 Eatenus.
1010 4247 1038 4287 e.
1050 4226 1144 4285 haer.
1161 4242 1188 4284 c.
1202 4229 1252 4292 28·
