2648 4990
222 429 458 464 .--s·
522 395 754 486 65¹⁸-

53 565 169 642 Absint
182 561 297 662 igitur
309 563 360 638 'ab
375 565 449 638 hoe
463 563 557 639 loeo
581 561 774 638 uberiores
791 561 1066 662 disputationes

52 667 240 764 drapalia,
263 667 306 740 in
333 691 452 766 ragno
467 666 668 740 Messiano
694 665 924 740 celebrandis
943 667 1066 766 daque

52 786 338 866 aarumapptratu
352 767 580 858 lautissimo,
597 767 644 841 de
659 769 844 866 portentis
852 771 1065 859 Belreraotlr,

53 871 263 958 miotinae,
276 869 510 970 ¹ingentique
524 889 593 944 ava
608 873 678 940 Zia
692 893 769 943 una
787 891 873 942 cum
893 871 986 944 vino
1001 893 1066 946 va·

51 971 257 1060 tastissimo,
276 972 380 1068 quod
396 971 485 1044 inde
501 971 671 1044 amandi
686 970 872 1080 amatione
888 971 973 1045 uvis
990 981 1066 1048 sets

51 1091 138 1146 attur
152 1073 308 1170 aliisque
323 1069 500 1172 frugibus
523 1073 824 1170 pretiosissimis,
842 1099 872 1148 ,a
890 1072 1064 1169 paradiso

50 1174 226 1269 decerptis,
259 1178 301 1248 in
331 1177 380 1248 iis
404 1175 657 1272 apponendis,
688 1173 741 1247 de
765 1174 918 1248 infinita
948 1174 1066 1250 lucen

49 1299 160 1350 aarum
180 1277 239 1368 vi,
265 1275 407 1374 quibua
426 1277 537 1350 aedes
559 1277 773 1352 convivales
798 1274 1065 1372 splendebunt,

51 1377 85 1448 do
99 1403 205 1474 pane,
234 1398 311 1475 quo
334 1377 511 1452 fruentur
536 1379 735 1469 convivae,
762 1379 829 1475 q'ui
846 1379 984 1452 dicitur
1002 1403 1066 1474 pa·

50 1479 94 1549 nis
113 1481 188 1554 aeti
213 1478 354 1568 futuri,
381 1481 517 1554 eximia
537 1479 707 1554 bonitate
730 1482 978 1576 conspicuus,
997 1479 1065 1553 da

53 1605 106 1674 que
117 1582 240 1654 soteris
249 1583 419 1654 eiusdem
435 1581 581 1684 generis
598 1581 753 1656 deliciis.
802 1581 953 1654 Aooedit
969 1582 1066 1656 mira

51 1703 188 1756 uxorum
211 1683 410 1772 fertilitas,
440 1703 477 1756 st
499 1683 808 1756 numerosissima
830 1683 977 1780 proles,
1003 1707 1065 1756 exa

51 1783 262 1882 stirpatisque
273 1782 420 1873 exteris,
436 1787 554 1859 autin
571 1801 795 1882 potestatem
811 1785 1065 1864 Israelitaruna

51 1885 198 1974 redactis,
237 1905 328 1983 post
361 1885 461 1960 balla
493 1911 515 1960 a
541 1888 681 1960 Massia
706 1885 924 1960 felicissime
950 1903 1064 1984 gesta,

51 2007 213 2061 summum
231 1989 356 2062 otium
373 2005 412 2062 ot
428 1989 606 2062 securitas
618 1988 794 2063 maxima.
846 1991 950 2062 Haec
964 1987 1066 2060 etsie

50 2088 147 2179 milia,
174 2091 218 2163 in
246 2091 385 2187 quibua
406 2089 632 2172 exornandis
653 2089 812 2162 mirifice
829 2087 904 2162 sibi
922 2087 1066 2184 placuit

48 2190 125 2262 nale
136 2191 314 2266 sedulum
328 2193 514 2274 seriorum
526 2191 975 2290 ludaeoruntiugenium,
998 2188 1065 2288 qui

49 2305 164 2367 attente
188 2293 346 2394 legerit,
371 2289 483 2370 facile
503 2294 569 2366 ills
594 2294 730 2365 miram
752 2317 839 2366 eum
861 2293 942 2380 hia,
968 2305 1065 2388 quaa
1150 2368 1154 2378 ,

48 2392 304 2470 Mohammedis
327 2413 527 2470 sectatores
559 2387 606 2468 ds
627 2395 803 2470 Paradiso
828 2391 1065 2490 aeternisque

48 2494 305 2591 voluptatibus,
346 2497 479 2571 sensus
512 2495 779 2587 titillantibus,
819 2491 1064 2585 commentati
1185 2561 1192 2572 .
1301 2551 1302 2560 a

48 2611 127 2685 tunt,
141 2598 427 2672 similitudinem
445 2597 710 2694 deprehendet.
750 2603 796 2672 In
813 2595 1105 2692 descdptions‘''

46 2695 126 2766 enim
152 2725 278 2774 rerum
302 2715 390 2796 post
413 2719 575 2774 mortem
594 2697 810 2774 futurarum
833 2699 974 2775 mirum
993 2715 1062 2789 est,

48 2817 206 2888 quantum
229 2801 710 2901 diversissimorum—terrae
735 2817 924 2881 tractuum
939 2799 1064 2872 natio·

49 2918 115 2988 nes,
126 2901 177 2977 in
189 2906 327 2978 eodem
344 2901 421 2978 fere
434 2901 679 2978 humanitatis
697 2901 804 2976 cultu
819 2899 1061 2993 constitutas,

46 3019 107 3072 non
122 3019 273 3094 tantum
288 3005 330 3078 in
347 3005 402 3078 rei
419 3027 567 3080 summa
577 3059 588 3096 ,
598 2997 602 3006 ’
614 3001 681 3078 aed
696 3001 738 3078 in
754 3001 920 3100 ospitem
935 3003 1064 3102 singu·

31 3096 148 3176 loram
170 3124 397 3205 argumento
418 3107 670 3180 consentiant.
693 3147 744 3162 --
798 3103 977 3204 Quamvis
995 3127 1065 3178 su·

44 3214 105 3276 tem
121 3205 256 3282 lubens
278 3207 545 3298 massarius,
570 3205 669 3280 male
684 3226 931 3306 perverseque
951 3205 1064 3278 intel·
1095 3219 1110 3268 ¹.

44 3299 119 3376 lecta
140 3327 178 3380 et
199 3309 468 3387 additamentis
495 3309 708 3406 depravata·
728 3306 848 3382 fuisse
870 3305 1063 3380 nobilissi-

43 3424 173 3482 morum
194 3413 465 3508 prophetarum
487 3409 638 3486 oracula
662 3431 685 3484 ι
707 3405 923 3484 doctoribus
936 3407 1063 3483 Phari·

43 3505 151 3599 aaicis,
183 3535 325 3608 eosque
354 3529 513 3608 sequuta
549 3509 680 3608 plebe,
720 3510 871 3584 Christo
903 3509 1062 3608 aequali,

41 3619 149 3680 tamen
169 3610 357 3712 dogmatis
387 3613 434 3685 ds
460 3611 601 3686 Massia
623 3609 777 3710 eiusque
797 3633 914 3710 regno
937 3613 1061 3708 partes
1185 3681 1193 3704 ,

42 3727 91 3796 ⁸⁰,
113 3735 187 3806 quo
207 3712 372 3788 Rabbini
388 3714 584 3804 exhibent,
609 3713 725 3787 modo
749 3712 808 3786 hia
826 3709 1061 3808 temporibus

40 3811 264 3902 amplificatas
286 3817 328 3888 in
352 3817 576 3912 popularem
595 3813 732 3889 abiisse
749 3811 988 3912 opinionem,
1015 3835 1063 3886 ex
1098 3839 1100 3844 ·

40 3909 350 4011 Evangelistsrum
364 3916 531 3992 historiis
541 3933 642 3990 certo
653 3911 902 3989 demonstrari
914 3913 1061 4012 nequit·

38 4009 114 4083 Non
122 4017 224 4090 enim
239 4017 279 4089 in
298 4021 365 4092 has
378 4016 558 4092 minutias
570 4015 762 4094 deseendit
774 4015 830 4090 ibi
844 4013 964 4112 plebis
981 4037 1062 4090 ora·

39 4107 100 4200 tio,
130 4119 486 4216 nonnullorumque
512 4119 767 4209 decretorum,
799 4113 1081 4200 nabbtnorum,

38 4211 176 4291 solertia
189 4221 361 4298 studiose
375 4240 655 4312 exornatorum,
671 4245 767 4320 quae
781 4220 823 4292 in
836 4214 947 4292 rebus
962 4221 1063 4292 Mes·
1151 4251 1153 4257 ’

809 4335 833 4404 ὃ
