2608 4996
354 349 809 436 ,Wffi‘ffl

80 501 201 575 lucide
221 497 397 596 proponit
417 498 687 587 conditionem,
710 495 774 570 ‘cui
800 499 866 596 qui
889 496 1119 590 satisfaciant,

81 605 221 674 aditum
239 603 309 674 sibi
324 605 367 674 ad
378 602 808 674 theocratiaeMessianae
824 601 918 672 bona
931 601 1120 696 perfruen-

81 709 123 775 da
144 703 370 800 patefactum
396 703 445 774 iri
467 721 566 774 certo
588 703 783 776 confidunt.
835 710 887 774 Ea
909 727 984 774 nun
1005 704 1118 774 cerni·

80 823 138 878 tur
153 806 257 878 inani
271 807 430 878 nominis
440 805 613 876 Messiani
634 805 917 900 praedicatione,
945 831 991 874 ne
1007 805 1132 876 unice*

80 910 281 978 honoribus
296 909 466 1003 quidem,
484 911 565 978 lesu
583 907 740 978 Messiae
757 905 949 992 habendis,
964 907 1028 978 sed
1044 909 1118 978 vita

18 1071 19 1076 ,
80 1012 263 1082 voluntati
285 1009 449 1080 coelestis
472 1009 581 1104 patris
600 1010 857 1080 convenienter
877 1025 965 1080 acta.
1014 1013 1118 1080 Hanc

81 1113 190 1208 igitur
207 1135 294 1182 cum
315 1112 478 1206 postulet
498 1135 561 1182 sua
580 1109 796 1182 auctoritate
811 1111 994 1196 Christus,
1017 1107 1137 1207 flagi·

81 1215 176 1286 tiosis
194 1231 233 1284 et
248 1212 396 1308 perditis
414 1212 626 1284 hominibus
642 1235 789 1282 omnem
804 1237 906 1306 spem
923 1212 1117 1306 eiusgeue-

81 1317 124 1386 ria
146 1313 334 1387 felicitatis
358 1313 559 1410 praecidat:
591 1313 671 1408 quis
688 1330 760 1400 eet,
783 1315 847 1409 qui
864 1315 1042 1398 baecuou
1059 1319 1117 1388 In·
1166 1401 1168 1408 γ

82 1418 169 1488 daici
190 1418 373 1504 doctoris,
400 1437 474 1486 non
498 1416 686 1509 pnideutis
704 1415 931 1512 ¹virtutisque·
950 1417 1117 1488 amantis

81 1520 160 1590 simi
181 1519 365 1604 huminis,
390 1519 452 1588 sed
474 1518 648 1602 Messiae,
671 1519 734 1588 sed
759 1519 1000 1588 humanarum
1022 1518 1115 1588 divi·

81 1645 283 1718 uarumque
304 1631 425 1690 rerum
443 1619 598 1690 Domini
620 1618 885 1712 augustissimi,
910 1621 972 1690 sed
999 1619 1116 1690 divini

81 1722 187 1815 legati
217 1742 329 1818 atque
355 1721 577 1816 interpretis,
605 1721 668 1790 sed
684 1721 813 1791 iudicis
833 1721 1065 1816 integerrimi
1078 1737 1116 1792 et

83 1827 280 1919 gravissimi
295 1845 370 1896 esee
386 1819 612 1894 diffiteatur?
635 1857 684 1876 ·-

142 1951 276 2037 'Atque
291 1943 377 2010 haec
392 1965 477 2010 vere
494 1940 673 2034 disputata
687 1965 780 2026 esse,
798 1939 913 2035 magis
928 1940 1036 2012 etiam
1054 1965 1116 2036 ap·
1177 1968 1184 1980 ‘

83 2043 216 2136 parebit
243 2059 408 2114 acurrata
437 2059 474 2112 et
501 2043 691 2136 perspicua
711 2043 1016 2137 interpretatione
1041 2042 1115 2114 loci

83 2148 273 2232 Mttlmr,
305 2169 335 2215 e.
355 2170 408 2240 sq.
434 2145 530 2234 (coll.
544 2150 699 2232 Luc7,
730 2163 785 2226 ιβ.
813 2147 901 2238 aql,
929 2169 1040 2239 quem
1057 2145 1115 2216 nti

83 2246 318 2342 interpretum
330 2264 480 2317 conatus
497 2271 616 2340 neque
631 2241 765 2344 idonea
780 2244 982 2343 subtilitate
993 2269 1114 2342 neque

83 2345 250 2418 facilitate
266 2349 441 2444 expedire
464 2348 573 2418 nobis
594 2363 679 2418 sunt
696 2345 785 2433 visi,
812 2349 1032 2422 tentabimus
1047 2373 1114 2420 nos

82 2451 462 2537 nexusentent'iarum,
480 2449 625 2522 unde-in
640 2451 673 2518 lr.
689 2470 792 2520 causa
807 2451 968 2544 pendent
979 2451 1111 2536 omnia,

67 2554 342 2624 'accuratissime
360 2570 523 2637 ostenso,
550 2551 651 2646 quasi
667 2552 898 2647 postliminio
911 2553 1113 2647 integritati

82 2649 1113 2751 aureaqueabaetatibuscunrsosron'rradnnumomnis

82 2755 313 2844 deflexerant,
353 2759 545 2828 restituere
561 2756 622 2842 ').·
676 2755 939 2826 Contendirnus
977 2761 1111 2843 autem,

82 2853 115 2926 in
137 2861 310 2930 oratione·
326 2859 373 2930 ad
396 2859 541 2930 Ioannis
561 2855 745 2952 Baptistae
763 2855 1112 2951 discipulosbebita,
1153 2878 1157 2906 ¹

82 2983 148 3030 non
164 2965 314 3032 tantum
326 2959 454 3031 eximii
477 2959 588 3032 huius
611 2959 679 3029 viri
708 2973 746 3028 et
771 2960 971 3053 prophetae
996 2975 1033 3028 et
1051 2959 1112 3044 de-

82 3063 176 3160 pingi
191 3047 359 3136 indolem
379 3081 415 3136 et
430 3060 627 3160 praedicari
649 3061 792 3148 laudes,
818 3062 883 3131 sed
905 3058 995 3131 item
1011 3061 1112 3132 Cbrl-

551 3175 611 3214 t'·.·
832 3191 836 3209 ι
996 3202 1009 3215 .,

82 3269 288 3300 ιιι-...μη-

97 3402 125 3484 ⁶)
143 3407 313 3480 lineolam
335 3407 399 3468 alio
420 3405 492 3471 loco
513 3407 565 3486 (in
589 3403 664 3468 dis's.
685 3405 728 3468 de
746 3429 847 3488 regno
870 3381 997 3469 Cirristr'.
1022 3407 1109 3488 Lipi.

151 3489 233 3554 razu
253 3496 283 3556 8.
308 3505 339 3564 p.
353 3486 505 3563 ἃῆν-91.)
527 3489 748 3562 copiosissime
769 3505 785 3542 a
806 3482 1111 3561 nobir'ernntprd·

148 3567 254 3638 posita
291 3581 325 3620 ar
347 3567 556 3642 ementisque
592 3560 743 3620 stabilita.
782 3561 847 3619 Sed
879 3581 951 3619 cum
984 3563 1109 3620 nemini

147 3635 307 3712 placuerit
361 3657 532 3708 cneorum,
563 3640 598 3696 in
627 3638 810 3696 sententiae
845 3651 1108 3698 norurecaursr

148 3711 307 3773 subtiliter
327 3716 361 3770 in
388 3717 514 3786 uirere,
534 3712 733 3790 melioraque
749 3731 806 3770 nor
825 3712 986 3782 edocere,
1006 3716 1109 3770 virum

149 3800 213 3858 est,
223 3789 315 3867 dere
327 3733 444 3870 eadam
458 3787 507 3849 bia
521 3788 644 3868 dicere,
662 3793 707 3848 ita
722 3787 906 3870 quidemut
918 3799 1108 3867 argumenta

148 3877 241 3946 nune
251 3879 288 3948 ,et
307 3862 434 3926 brevius
453 3861 707 3946 consiriugarnus
722 3879 759 3942 pt
773 3859 833 3925 rub
854 3866 921 3921 uno
945 3859 1108 3946 quatieb-

149 3949 220 3996 autu
238 3934 442 4008 collocemur.
480 3925 531 4018 ,Ne
547 3956 653 3998 autem
671 3959 761 3997 nunc
781 3937 911 3998 tbndem
927 3937 1033 3995 derint
1047 3957 1106 3995 no·

83 4049 86 4054 -
146 4026 205 4071 vae
235 4017 474 4092 explanationi,
506 4020 562 4094 qui
591 4008 712 4074 nesciam
737 4029 770 4073 et
797 4013 934 4092 iingude
956 4016 1108 4072 rationes

148 4085 387 4222 gersemane
401 4091 566 4172 explorare
587 4091 788 4166 didicerunt,
813 4085 1105 4161 iudieeasirbttier,

95 4179 97 4190 Ι
196 4169 351 4228 'obirata
452 4179 612 4232 ν“’“.
704 4191 835 4238 ’·,,
965 4185 1017 4220 ’)
