2648 4990
76 504 156 594 diit,
170 501 409 598 doctorisque
421 509 575 590 munus,
593 501 698 578 ottirr's
714 501 882 601 obeundi
894 503 1099 600 eupiditate
1156 589 1159 596 ,

76 627 108 678 et
123 605 264 704 ingenti
282 622 321 676 et
338 605 570 678 sanctissime
588 604 637 680 sb
655 606 812 678 ineunte
829 623 949 680 setste
971 605 1101 704 flegre-

76 710 147 796 rit,¹
166 725 315 778 strenue
335 706 456 778 tuitus
474 723 539 778 est.
590 711 783 778 Summam
803 706 883 780 eius
906 710 1100 799 orationis,

77 813 194 880 corant
204 807 393 880 sdfluente
407 808 655 883 multitudine
668 807 834 895 hebitse,
862 810 1016 882 tradunt
1031 835 1102 882 no·
1159 804 1174 832 ¹*

78 910 126 982 bis
146 909 407 1008 Evangelistee
438 909 498 980 bis
520 910 664 984 verbis:
705 905 944 1006 μετανοεῖτε,
972 908 1117 1008 ἥγγιιιὲἶ

78 1011 145 1117 γάρ
161 1007 181 1101 ἡ
199 1010 382 1102 Boorbeio
396 1009 479 1112 ,τῶν
498 1007 689 1112 οὐρανῶν.
740 1012 855 1082 Mtth.
870 1027 915 1101 4,
936 1035 991 1100 ¹7·
1024 1015 1101 1086 Me.

82 1139 116 1198 1,
141 1133 194 1200 ιε.
253 1117 315 1186 Ex
348 1133 420 1208 qus
461 1113 633 1184 emtione
664 1113 741 1184 duo
770 1113 862 1184 hese
894 1133 1102 1210 emergunt.

79 1215 232 1286 Primum
249 1231 473 1288 revocentur
489 1209 678 1285 auditores
704 1237 724 1286 e
750 1237 900 1286 morum
925 1216 1104 1310 perversi·
1132 1263 1135 1270 ι

79 1331 143 1388 tete
164 1339 204 1387 so
228 1315 404 1388 sordibus
424 1314 476 1386 'sd
504 1313 643 1390 bonam
659 1312 808 1412 frugem
831 1317 1104 1411 melioremque
1198 1333 1204 1342 ‘

81 1411 183 1492 mimi
205 1415 545 1489 conformationem
554 1443 566 1502 ς
602 1415 689 1488 dein
716 1439 822 1505 vero,
846 1417 886 1488 id
908 1417 1011 1514 quod
1034 1443 1105 1490 no·
1171 1501 1177 1514 ι

81 1535 144 1593 stre
168 1529 276 1590 nune
303 1517 460 1594 interest
479 1519 728 1613 perspexisse,
761 1527 919 1616 regnum
947 1523 1106 1592 Messin-

80 1643 163 1692 num
171 1619 394 1692 brevissimo
409 1627 582 1712 teroporis
598 1619 719 1716 spretio
732 1620 800 1712 (its
812 1619 912 1694 enim
923 1643 958 1693 v.
974 1617 1106 1717 ἤγγιιω

82 1720 233 1793 melioris
251 1737 368 1792 notes
383 1721 603 1816 interpretes
622 1723 669 1794 ed
689 1745 812 1792 unum
831 1745 963 1794 omnes
986 1725 1107 1819 expli-

82 1827 167 1914 cent)
180 1819 402 1895 adfuturum
418 1846 496 1894 esse
513 1823 740 1916 perhibetur.
914 1889 917 1893 .

145 1934 268 2021 Atque
287 1925 418 1996 eodem
443 1925 609 1994 tendunt
624 1949 666 1996 es
681 1925 782 2013 ioca,
807 1923 849 1994 in
869 1923 1007 2020 quibus
1030 1951 1108 1998 eoe-

85 2022 167 2098 iestis
192 2029 299 2126 regni
329 2027 574 2121 praedicatio,
609 2049 701 2122 ques
734 2017 884 2098 Christo
916 2025 1107 2118 tribuitur,

85 2149 159 2200 cum
191 2131 418 2202 miraculosis
452 2127 532 2200 eius
569 2127 816 2200 sopitionibus
851 2127 1106 2224 coniungitur.

86 2229 247 2320 Mons,
279 2252 336 2314 23.
361 2253 404 2322 9,
433 2250 490 2318 35.
517 2233 634 2320 (Luc.
661 2253 764 2324 9,.2.
791 2232 838 2317 6.)
867 2235 1025 2326 Egregie
1040 2231 1109 2326 igi-

86 2345 138 2400 tor
151 2331 463 2427 prseperabsntur
479 2331 597 2404 enimi
613 2331 660 2404 sd
683 2331 754 2402 rite
771 2331 1031 2424 excipientium
1050 2357 1110 2404 so·

86 2435 292 2524 spitetorem
307 2431 480 2504 futurum
495 2431 820 2528 (quandoquidem
840 2432 1111 2508 ardentissimis

85 2535 171 2604 votis
189 2559 228 2606 es
250 2524 370 2606 setste
392 2559 413 2606 s
438 2535 620 2630 plerisque
635 2533 780 2606 Iudaeis
798 2533 1110 2628 exspectabatur),

86 2635 308 2728 experiundo
336 2633 516 2709 beneficis
547 2636 646 2721 eius,
681 2636 748 2729 qui
782 2635 930 2708 temetsi
948 2639 1111 2708 Messias

87 2759 214 2810 nomen
227 2735 427 2824 reticebat,
454 2737 590 2830 opertis
607 2755 732 2808 temen
747 2736 872 2825 verbis
889 2737 1111 2825 declarabat,

88 2835 166 2908 baec
184 2853 292 2909 tants
311 2837 411 2909 bone
434 2863 519 2910 oum
537 2861 654 2933 regno
679 2837 809 2915 divino
836 2862 952 2933 prope
977 2840 1112 2911 secele-

88 2955 182 3012 rsnte
203 2963 286 3012 esse
301 2942 511 3012 coniuncte.
561 2941 812 3012 Prsesentism
835 2939 931 3035 regis
949 2940 1113 3011 theorrs·

91 3039 146 3110 tici
162 3041 290 3137 reique
303 3042 515 3112 Messienee
529 3041 624 3114 laets
640 3041 747 3112 initis
771 3066 853 3114 non
876 3040 1019 3112 minore
1037 3059 1114 3116 stu·

93 3139 146 3210 dio
163 3143 274 3214 iussit
293 3142 508 3236 discipulos¹
524 3167 589 3238 per
612 3141 723 3214 urbes
748 3141 1033 3236 provinciasque
1049 3149 1115 3213 Pe·

92 3241 259 3316 laestinse
272 3243 516 3330 annuntiare,
544 3243 698 3338 quibus,
726 3245 757 3316 si
773 3244 870 3314 nihil
885 3247 1022 3340 magis,
1043 3245 1117 3316 hoc

93 3343 206 3415 tamen
215 3341 363 3433 effecit,
391 3363 436 3416 ut
457 3347 569 3418 letius
590 3343 773 3440 proferret
795 3369 920 3418 rerum
938 3345 1117 3418 maxims·

93 3467 168 3514 rum
183 3446 496 3540 exspectationem
515 3464 551 3518 et
568 3447 740 3518 eculeum
754 3447 793 3518 in
818 3447 953 3522 animis
977 3444 1117 3521 multof·

93 3567 169 3615 rum
191 3549 428 3642 relinqueret.
476 3549 592 3620 Mtth.
614 3573 676 3632 ιο,
697 3571 731 3638 7.
767 3554 917 3642 Lue9,
948 3553 1027 3622 nd.
1059 3573 1118 3636 10,
1195 3625 1198 3632 Δ
1291 3535 1292 3550 ¹

96 3667 124 3733 9.
143 3671 193 3716 rr.
243 3655 343 3720 Nem
365 3649 446 3720 sine
470 3649 607 3736 dubio,
634 3649 701 3744 qui
724 3649 832 3748 regni
853 3650 1023 3722 coelestis
1047 3649 1146 3728 ini·.

96 3745 139 3814 tis
156 3749 290 3822 instate
306 3749 527 3838 audiebant,
550 3750 677 3822 Iudo'si
690 3751 788 3823 nihil
802 3749 903 3846 prius
919 3751 991 3824 sibi
1010 3773 1120 3845 quse·

96 3849 246 3926 rendum
280 3867 510 3947 putaverunt
547 3853 635 3928 sede
674 3851 879 3948 ceterisque
915 3849 1121 3924 virtutibus

97 3949 263 4046 principis
287 3953 399 4025 huius
421 3950 538 4052 regni.
590 3959 692 4052 Ergo
706 3955 778 4024 'hac
802 3953 958 4048 provide
982 3970 1019 4026 et
1035 3977 1121 4048 pru·
1168 3995 1169 4000 κ

99 4048 200 4122 dente
218 4053 362 4134 ratione
379 4079 456 4138 rem
473 4076 668 4152 eggressus
689 4057 896 4142 Dominus,
919 4073 1122 4150 utrumque

100 4167 149 4218 est
161 4173 400 4252 assequutus3
426 4173 523 4231 utet
541 4157 823 4230 reiMessianse
843 4179 927 4253 spes
953 4156 1124 4228 slseriter
