2576 4994
335 430 744 513 ...Μ-...ὴ

33 581 231 684 sardorum,
276 585 357 662 sub·
380 585 608 664 solemnibus
632 588 801 688 auspiciis
833 593 938 692 regni
962 595 1062 668 Mes-

32 688 129 776 siani,
169 683 206 766 ἒν
229 686 281 784 τῆ
305 689 508 792 συντελείᾳ
539 689 615 764 τοῦ
649 690 824 790 αἰῶνος),
867 699 1061 777 demendas

32 790 196 862 Dominus
217 790 345 864 rineoe
375 791 621 890 procuratori,
662 799 712 866 u't·
735 797 920 892 operarios
952 817 1060 872 vocet

31 889 135 985 iisque
172 893 377 988 mercedem
415 893 618 990 persolvat,
654 891 701 968 ab
733 900 906 988 eruentis
945 899 1060 992 (seris-

32 991 110 1062 sime
136 994 287 1084 rororis)
328 1015 480 1067 exorsus
513 1017 631 1093 usque
661 997 709 1070 sd
751 999 916 1094 primurn
953 1025 1060 1075 voce

32 1107 88 1163 tos.
134 1095 340 1184 Accedunt,
368 1097 433 1194 qui
457 1097 649 1200 undecima
673 1099 773 1172 hors·
788 1102 828 1172 in
847 1102 999 1174 ‘vinem
1020 1125 1060 1176 so

32 1195 265 1287 contulerant,
277 1213 565 1296 receperuntque
588 1201 841 1300 unusquisque
856 1203 1058 1278 denarium.

30 1295 155 1392 Quibus
179 1315 265 1395 post
287 1291 378 1370 alios
409 1301 567 1399 denique
599 1305 853 1394 succedentes,
890 1305 955 1402 qui
972 1305 1060 1402 pri-

29 1397 74 1468 ni
95 1400 137 1470 ad
162 1401 551 1480 ministerinmessent
575 1404 714 1496 vocati,
762 1407 941 1502 persuasi,
981 1407 1061 1505 ple·

30 1499 157 1572 niorem
181 1503 390 1576 mercedem
406 1527 456 1578 ⁴se
476 1507 672 1594 relaturos,
696 1529 806 1583 suurn
831 1509 984 1606 quisque
999 1503 1060 1580 dess

29 1601 158 1674 narium
182 1621 222 1676 et
246 1604 319 1700 ipsi
344 1623 570 1701 acceperunt.
635 1605 786 1704 (Aequo
809 1609 923 1708 igitur
942 1610 1060 1684 omni-

28 1699 87 1772 bus
110 1707 182 1780 tine
207 1708 411 1780 decenne
437 1711 505 1802 [rei
528 1725 717 1799 marrae,
750 1733 856 1805 saepe
874 1705 1060 1810 fortuitae

31 1805 83 1894 sc]
106 1807 301 1904 tettaporis,
326 1809 428 1905 quod
453 1799 655 1884 laborando
676 1819 952 1908 transegerant,
967 1839 1060 1886 mer·

29 1931 75 1978 ses
94 1907 252 2006 obtigit)
303 1915 423 2010 Quem
438 1911 733 2012 aequabilitatem
759 1935 866 2010 aegre
889 1913 1059 2004 ferentes,

29 2001 248 2086 fremuerunt
261 2011 302 2084 is
317 2013 447 2084 herum
462 2013 577 2086 versit
600 2013 662 2086 isti
681 2032 793 2086 uuam
817 2017 945 2088 horem
967 2033 1059 2111 opus

29 2131 268 2204 exercuonrnt,
293 2132 331 2186 et
345 2131 388 2184 tu
404 2113 511 2207 nobis
525 2139 588 2188 eoa
602 2137 706 2212 peres
726 2113 856 2204 fecisti,
880 2116 1059 2214 perpessis

27 2229 125 2306 greve
139 2237 233 2290 onus
257 2215 332 2288 diei
346 2216 482 2288 solisve
504 2231 644 2288 aestum
664 2218 895 2292 acerrimum.
935 2218 1080 2320 (Quasi-

29 2335 211 2410 querantur
234 2319 289 2391 rei
312 2319 515 2392 Messianae
543 2316 705 2414 proximi
737 2319 916 2408 ministri,
932 2405 937 2414 ¹
956 2319 1059 2418 quod

27 2439 91 2489 non
104 2424 244 2514 primos
259 2419 301 2512 *)‚
319 2439 408 2518 quas
428 2437 686 2516 exspectarunt,
705 2417 947 2520 impetrarint,
971 2438 1057 2494 cunt
1129 2500 1134 2511 ,
1155 2447 1160 2450 ·

27 2523 133 2612 primo
153 2523 318 2620 pericula
333 2538 336 2546 '
349 2537 387 2594 et
418 2525 602 2596 maximos
634 2521 776 2596 labores
807 2522 1058 2612 sustinuerint,

28 2620 81 2692 sed
103 2649 216 2723 aequo
241 2649 329 2696 curn
353 2623 429 2715 his,
470 2623 535 2721 qui
562 2623 674 2696 serius
698 2629 916 2698 'accesserant
939 2625 984 2697 sd
1007 2621 1060 2724 la·

27 2717 114 2796 boris
136 2728 361 2811 societatem,
388 2741 428 2797 et
447 2727 589 2798 honore
604 2739 642 2802 et
655 2725 819 2820 prusririo
842 2723 983 2798 fuerint
999 2725 1058 2796 hn·

27 2819 110 2914 biti.)
158 2835 299 2902 Eorum
326 2827 393 2902 uui
426 2826 616 2922 respondit
646 2827 772 2902 hemer
814 2828 947 2915 amice,
981 2847 1059 2904 non

27 2939 123 2999 tunm
146 2929 203 3004 ius
231 2931 355 3018 violo,
381 2950 501 3025 annon
525 2927 578 2999 de
598 2927 736 3002 denarii
754 2947 897 3022 summa
911 2941 1060 3020 mecum
1117 2957 1123 2970 ¹

27 3029 260 3104 conveneras?
291 3032 448 3130 suscipe,
474 3031 572 3128 quod
587 3047 695 3102 tuum
711 3047 778 3119 est,
804 3045 843 3103 et
863 3030 933 3102 sbi,
966 3035 1059 3126 (rue

28 3137 112 3203 iusto
128 3149 326 3206 contentus
342 3133 520 3220 mercede,
542 3131 622 3204 noli
640 3132 781 3204 alienas
799 3131 976 3222 invidere,
1001 3155 1060 3204 so·
1097 3157 1099 3162 ’

28 3229 107 3304 dalis
128 3231 346 3328 Messisnel)
395 3237 493 3308 Volo
525 3251 564 3306 et
595 3235 682 3306 huic
707 3251 895 3330 postremo
920 3235 1060 3305 contin·

28 3353 119 3428 gere,
145 3338 248 3434 quod
266 3336 336 3408 tibi
357 3335 504 3420 daturus
528 3356 649 3412 ennon
667 3337 813 3408 licitum
837 3352 903 3438 est,
929 3333 1059 3425 facere,

26 3439 258 3530 quaelubet,
291 3437 331 3510 in
357 3437 443 3526 his,
474 3461 569 3536 quse
600 3449 683 3510 ntea
715 3435 829 3510 sunt?
879 3445 973 3509 num
1004 3438 1060 3510 itt⁴

27 3536 115 3612 vidis
141 3557 179 3614 te
202 3540 344 3630 exurit,
377 3539 478 3640 quod
501 3540 768 3616 benevolentiae
790 3561 895 3614 ureae
919 3539 1060 3640 aliquid

25 3717 223 3745 Μ

40 3809 165 3897 *Worr'
189 3817 290 3884 debes
320 3839 340 3882 r
379 3841 508 3916 upum
534 3841 640 3886 temo
670 3821 824 3904 propriso
846 3819 1060 3904 parabolice,

92 3899 155 3975 qni,
166 3899 198 3958 ei
201 3893 308 3978 firmo
356 3919 377 3960 o
395 3897 815 3978 rttmrrandoqneinservin
854 3897 1061 3968 Contrarium

91 3985 200 4034 sutem
223 3971 358 4034 edixisse
377 3973 541 4036 videbitur
559 3973 647 4036 Iesus
669 3993 715 4053 19,
736 3979 783 4046 28.
797 3975 929 4070 primas
943 3971 1061 4066 prinis
1099 4025 1103 4036 ,

92 4043 277 4110 concedens
294 4047 559 4130 dissipationis
576 4052 702 4112 ἰνοηίοσ
720 4047 754 4109 h.
773 4048 859 4112 dreta
880 4047 1058 4110 consuens!

90 4119 143 4184 De
171 4143 239 4204 qus
264 4145 301 4186 re
326 4129 411 4186 infra
438 4127 555 4188 dicam.
600 4123 691 4186 Nihil
716 4139 820 4186 mutat
843 4145 930 4196 rem,
969 4121 1061 4202 quod

92 4195 219 4262 Uross.
239 4209 304 4276 ¹¹5·
324 4215 414 4276 notat
433 4203 578 4286 quidem,
598 4215 632 4262 at
650 4219 721 4264 nou
729 4199 879 4360 ⁵probet,
896 4197 1062 4266 translata

748 4278 852 4338 stlat:
981 4296 986 4308 ·

766 4367 811 4436 15
833 4369 850 4406 ⁸

94 4267 126 4339 h.
145 4275 441 4357 eneaeupteadr.
478 4274 594 4344 Manet
613 4279 728 4360 praeto
