2734 4998
424 381 838 432 ——vu--··

109 557 239 618 sensu
254 523 527 614 imbuturum
545 527 803 614 animarum.
838 521 1037 636 flretluu'u
1057 541 1159 618 ebu-

107 649 310 732 tinentur
335 643 536 726 notiones
565 645 711 754 generi
737 641 934 724 hnmano
966 669 1160 732 necessa·

7 809 8 822 ι
107 763 224 864 riae,
264 785 492 868 nunquam
522 758 803 858 interiturae,
836 781 918 870 per
953 755 1160 844 Christia-

108 903 192 958 nae
217 869 321 956 fidei
341 867 526 952 formam
546 899 658 984 pure
683 868 880 954 traditae.
935 871 1006 952 De
1032 881 1162 989 ppdp·

109 1011 384 1179 afflegem
409 1003 611 1070 mutante
639 982 842 1090 formam,
870 1011 928 1066 ne
945 985 1163 1070 smtmele

109 1127 159 1182 80
209 1118 301 1182 cru.
432 1141 436 1150 ’

6 1295 7 1320 ι
196 1207 534 1294 Grannnaticam
571 1228 617 1294 et
647 1204 806 1292 realem
838 1210 1165 1324 interpretatio·

6 1411 7 1420 Ν
109 1351 215 1406 nem
232 1330 330 1440 pari
358 1344 404 1409 et
421 1323 637 1436 aequabili
659 1323 804 1410 studio
831 1353 912 1438 per
931 1321 1046 1408 hanc
1063 1326 1164 1412 scri·

5 1520 7 1558 V
110 1441 315 1551 ptionem
340 1437 622 1549 excolandum
644 1441 911 1552 putavimus.
966 1439 1084 1522 Nam
1113 1465 1165 1522 u·

110 1555 313 1666 uiasque
337 1549 472 1635 officii
496 1555 602 1637 scita
632 1553 943 1636 coniunctione
966 1581 1070 1636 vera
1092 1551 1166 1638 de·

5 1675 6 1696 ¹
111 1695 239 1750 mum
265 1663 493 1781 perficitur
515 1660 721 1776 theologie
747 1660 907 1762 biblica,
931 1669 1055 1749 cuius
1071 1663 1167 1750 fore

112 1783 162 1862 in
187 1785 316 1866 sacris
353 1779 484 1862 rebus
514 1783 672 1864 nostris
703 1791 913 1890 magnam*
929 1779 1167 1866 utilitatem

113 1923 138 1974 a
167 1893 311 1978 multo
346 1913 547 2008 tempore
580 1891 850 1976 intellectum
875 1911 960 1994 est,
988 1923 1077 2006 qua
1100 1897 1168 1978 in·

113 2007 271 2116 digent
293 2005 400 2090 haec
425 2029 625 2120 tempora
647 2025 819 2109 nostra,
846 2004 997 2090 litibus
1025 2007 1079 2092 de
1103 2035 1169 2092 re·

113 2122 282 2231 ligione
309 2120 510 2234 cupidius
530 2147 664 2232 quam
687 2123 781 2203 veri
800 2123 1016 2204 amantius
1037 2125 1170 2232 agitu-

114 2239 175 2318 tis
211 2231 459 2340 diffamata,
507 2263 534 2316 a
567 2233 774 2318 historica
808 2256 853 2319 et
891 2233 1029 2320 solida
1065 2233 1171 2320 fidei
1279 2271 1283 2282 ’

117 2349 394 2436 Christianae
423 2349 691 2460 cognitione,
720 2377 833 2459 quae
858 2368 999 2456 mater
1023 2347 1170 2434 mode·

3 2549 4 2552 t
116 2467 303 2548 rationis
323 2491 414 2546 esse
439 2464 563 2564 solet,
592 2461 806 2544 alieniora.
864 2459 951 2546 Sed
973 2463 1050 2547 tali
1066 2492 1171 2577 ope·

3 2623 4 2630 ¹
115 2580 186 2678 ri,
229 2583 266 2662 si
296 2581 388 2660 eius
416 2569 619 2691 perfecta'
636 2573 825 2660 formula
857 2578 1003 2658 animo
1027 2579 1171 2662 conci·

3 2787 4 2790 p
118 2693 270 2806 pitur,
299 2695 430 2774 unius
454 2691 572 2774 docti
596 2689 786 2772 hominis
809 2691 902 2774 vita
926 2719 1021 2774 non
1051 2689 1172 2776 suffi-

120 2835 223 2888 cere
249 2804 438 2888 videtur.
512 2807 642 2888 Certe
680 2833 733 2886 ex
762 2823 887 2917 parte
914 2833 1173 2922 praeparan-

118 2917 233 3002 dum
264 2938 353 3020 est,
404 2917 525 3030 quod
558 2920 815 3004 consociatis
859 2939 958 3030 eget
988 2923 1173 3031 magnis·

119 3063 210 3146 que
233 3031 413 3116 viribus.

210 3149 391 3230 Interna
422 3146 615 3259 partium
658 3146 801 3258 operis
839 3172 933 3228 non
971 3142 1174 3258 aequabi-

122 3262 235 3344 lium
260 3262 519 3342 oeconomia
542 3287 636 3340 non
659 3279 756 3369 eget
778 3261 893 3342 inter
916 3262 1081 3373 peritos
1105 3289 1175 3344 ex·

124 3377 375 3478 cusatione,
412 3371 533 3484 quod
571 3399 672 3456 eae
706 3401 852 3456 rerum
884 3372 1053 3457 ambitu
1086 3401 1177 3458 sus·

160 3487 350 3572 enditur.
409 3489 663 3600 Disputatio
695 3485 748 3570 de
771 3485 919 3572 indole
935 3483 1186 3600 officiisque,

123 3517 385 3687 iuturorum
411 3601 625 3686 sodalium
665 3603 906 3686 Messianae
935 3603 1121 3686 civitatis
1151 3629 1177 3686 e

126 3721 192 3802 rei
215 3718 429 3828 gravitate
463 3735 509 3800 et
534 3715 734 3798 lucorum
763 3714 1048 3800 multitudine
1081 3714 1176 3830 plu·
1280 3812 1282 3825 Ι

127 3833 293 3914 timum
308 3833 517 3913 orationis
535 3830 785 3944 postulavit.
845 3831 1083 3914 Ioanneam
1104 3829 1176 3914 de·

127 3943 413 4026 lineationem
429 3973 511 4026 nos
537 3947 628 4028 sine
643 3946 933 4058 interpretum
951 3947 1178 4030 mentione

133 4055 352 4158 dedimus,
379 4076 424 4140 et
448 4062 639 4162 canturi,
663 4089 719 4140 ne
743 4062 791 4142 in
816 4061 995 4144 nimiam
1016 4056 1177 4142 molem

131 4167 245 4253 liber
270 4193 508 4275 excrescat,
552 4191 598 4256 et
631 4169 805 4276 confisi,
838 4170 1177 4284 intelligentibus
