2654 4988
526 347 943 426 .....„,......

219 507 324 586 seadi
356 517 442 580 su'or
462 520 501 576 et
523 499 812 578 immortalitatis
843 523 948 598 epam
972 523 1039 598 per
1067 501 1253 582 familiares

115 636 118 644 ’
219 609 416 706 imagines,
441 629 509 678 neo
534 603 661 678 erebro
686 603 865 677 adhibitas
886 627 954 676 neo
979 604 1137 682 studiose
1160 631 1255 681 exor-

220 731 321 788 natas
345 724 588 806 proponeret,
620 708 681 779 vel
706 705 919 780 dicendum·
943 708 1040 778 male
1064 707 1255 784 intellectas

220 813 406 890 breviores
440 809 574 882 Christi
606 833 715 882 voces
755 805 801 881 ab
831 808 1071 903 Evangelistis
1103 811 1257 882 Palaesti-

221 914 393 990 nensibus
419 930 468 985 et
482 913 527 982 ad
545 935 688 982 morem
712 909 838 980 aetatis
861 908 1108 1004 amplificatas,
1135 911 1257 1029 quibus

221 1035 357 1092 tectam
383 1013 609 1088 tribuerit
574 1037 651 1086 vam
676 1011 872 1100 Dominus,
896 1011 1003 1084 nobis
1026 1012 1194 1108 proponi.

298 1205 398 1274 Haec
423 1197 552 1288 habui,
592 1198 638 1272 de
664 1221 777 1296 regno
803 1196 987 1272 Messiano
1015 1197 1060 1270 ad
1085 1211 1257 1290 sermones

221 1309 306 1392 Iesu
332 1299 466 1375 Christi
490 1303 690 1373 secundum
707 1300 924 1397 Synopticos
945 1299 1148 1395 scriptores,
1174 1323 1257 1396 quae

221 1408 393 1482 dicerem.
444 1408 633 1500 Superest,
658 1421 702 1475 nt
727 1405 773 1475 de
795 1401 1069 1498 propositarum
1094 1401 1258 1500 significa·

221 1509 369 1582 tionum
392 1503 656 1600 multitudine,
660 1504 809 1578 brevem
834 1528 1020 1576 censuram
1038 1505 1176 1593 addam,
1200 1527 1257 1598 po·

222 1628 411 1706 sterquam
436 1609 483 1680 de
509 1601 618 1749 fonte
649 1607 869 1704 opinionum
906 1603 1125 1682 diversitatis
1146 1603 1258 1749 paucis

220 1709 344 1787 verbis
368 1711 507 1784 dixero.
528 1707 560 1804 *)

300 1903 354 1968 Ea
384 1895 473 1968 inde
502 1893 700 1990 repetenda
723 1909 799 1984 est,
842 1893 941 1992 qnod
976 1894 1137 1968 Christus
1166 1915 1259 1994 more
1300 1915 1302 1920 ·

222 2023 298 2076 non
323 2013 468 2068 tantum
495 1996 653 2070 Orientis
678 1999 885 2084 doctorum,
909 1998 971 2070 sed
999 1999 1178 2083 omnium,
1197 1991 1259 2113 ‘qui

222 2101 264 2174 in
290 2101 430 2197 populo
455 2099 682 2172 instituendo
714 2113 925 2188 versantur,
977 2100 1022 2170 de
1047 2095 1258 2196 amplissima
1311 2167 1312 2170 ,

224 2306 325 2406 quod
352 2327 426 2375 non
460 2327 526 2398 per
558 2304 744 2399 colloquia
776 2327 860 2374 curn
895 2302 988 2392 suis,
1033 2329 1119 2375 curn
1151 2297 1312 2398 plebe,

153 2453 157 2461 ι
224 2429 310 2478 cum
334 2403 531 2476 Pharisaeis
564 2403 778 2476 scholastica
812 2401 1014 2476 subtilitate
1048 2423 1089 2476 et
1109 2400 1259 2486 ,verbosi-

223 2524 299 2580 tate
330 2507 513 2578 ambitum
547 2505 625 2576 eius
658 2501 856 2600 descripsit.
920 2507 989 2578 Sed
1023 2508 1130 2578 aliter
1161 2528 1259 2600 agen·⁴

224 2220 264 2276 et
287 2202 464 2274 ditissima
487 2225 527 2272 re
552 2218 745 2297 propterea
771 2199 950 2320 ambigue
978 2203 1094 2300 egisse
1116 2201 1258 2282 videtur,
1311 2247 1312 2274 ι

224 2609 317 2705 dnm
337 2606 470 2694 fuisse,
496 2631 607 2678 nemo
633 2606 711 2678 sine
736 2603 889 2693 iniuria,
909 2607 986 2680 sine
1010 2607 1153 2680 inscitia
1178 2625 1259 2677 tem·
1310 2671 1311 2676 ,

107 2795 111 2810 q
221 2735 357 2830 porum
382 2726 420 2780 et
443 2708 654 2780 auditorum
676 2709 916 2779 contenderit.
967 2709 1097 2797 Variis,
1121 2725 1258 2782 ututur
1310 2759 1311 2804 ,

216 2809 396 2908 imagine,
423 2809 616 2899 membris,
656 2834 815 2906 quorum
841 2809 1030 2882 materiem
1055 2837 1162 2906 snpra
1185 2832 1259 2880 con·
1310 2837 1311 2880 ι

222 2931 362 3012 gestam
387 2909 672 3000 illustravimus,
713 2934 799 2981 cum
825 2911 1036 2986 distinctum
1071 2913 1259 3008 reperiatur
1310 2893 1311 2936 l

224 3039 354 3112 corpus
380 3013 541 3094 notionis
566 3013 775 3084 universae:
803 3011 944 3084 factum
970 3033 1036 3104 est,
1062 3032 1107 3085 ut
1132 3013 1176 3085 ab
1201 3012 1257 3097 his,

141 3135 145 3148 ¹
224 3118 290 3239 qui
315 3104 452 3234 fugaci·
470 3113 617 3185 oculo
606 3113 734 3184 tntuiti
767 3132 887 3186 essent
910 3114 950 3186 in
981 3142 1121 3187 nexum
1147 3132 1183 3188 et
1206 3113 1259 3184 ad·

222 3218 337 3292 iectae
363 3216 534 3288 orationis
559 3215 741 3303 colorem,
785 3241 874 3311 pars
898 3221 1056 3290 notionis
1081 3245 1164 3291 cum
1192 3241 1260 3288 ma·

223 3327 323 3396 etune
355 3343 561 3418 emergens
576 3315 711 3412 absque
746 3319 976 3392 cohaerentia
1006 3345 1092 3392 cum
1126 3319 1257 3414 reliquo

214 3419 384 3495 notionis
409 3419 551 3492 ambitu
577 3419 879 3508 consideraretur,
913 3437 969 3510 et,
993 3418 1257 3520 significationis

223 3523 378 3596 varietas
396 3519 547 3624 ingenti
571 3521 694 3592 lubitu
715 3517 924 3619 fingeretur.
975 3529 1026 3595 At
1049 3525 1170 3596 nativa
1192 3519 1310 3592 for·
1309 3571 1310 3576 ι

214 3627 349 3700 'mulae
373 3623 490 3696 virtus
516 3639 555 3695 et
579 3647 653 3696 uno
676 3621 756 3696 veri
788 3622 949 3698 nominis
973 3623 1189 3726 significatio
1216 3643 1257 3694 ue
1309 3687 1310 3764 l

225 3819 431 3842 *a*

184 3916 555 4024 nuecedsums.
582 3960 634 4080 'g‘
657 3941 773 4007 Banna.
794 3941 817 4009 l.
845 3961 873 4008 e.
901 3954 966 4017 108.
937 3954 1064 4027 8·¹⁰9
1084 3943 1173 4007 Κιιι.
1191 3942 1212 4004 l.
1230 3961 1253 4002 c.

301 4018 383 4098 (Op.
407 4017 525 4100 acad.)
546 3983 621 4079 id
626 4033 647 4079 t.
639 4040 699 4099 ..p
719 4013 1253 4102 x1V.sq.1tmrora.adMaut.

296 4103 382 4250 ἔλατ
397 4095 582 4234 §ugernum
572 4093 651 4160 .ad
666 4097 794 4161 Mattlt.
814 4117 866 4160 ιιι
880 4108 1041 4246 -Ιιιὸ,
1017 4101 1255 4246 ethanimgra·
