2648 4990
372 361 799 454 *fflffl'

69 522 573 620 tiit,doet01=isqueraunus,
591 521 697 598 eerirt'e
712 522 881 622 obeundi
892 525 1097 622 eupiditate
1154 609 1157 616 ⁴

69 647 102 699 et
117 627 263 725 ingenti
280 643 319 698 et
336 626 568 698 eanmieeima
586 625 635 701 ab*
653 626 810 699 ineunte
827 645 947 700 aetate
969 627 1099 726 flagra·
1220 700 1227 718 ,

69 731 142 817 vit,
161 745 313 800 strenue
333 727 454 798 tuitus
472 744 538 798 eet
588 732 781 799 Summam
801 729 881 802 eiua
904 731 1098 820 erationis,

70 835 191 904 coreur'
201 828 391 901 adfluente
405 829 653 903 multitudiue
667 829 832 916 habitae,
859 830 1014 902 tradunt
1029 855 1100 904 no·
1157 826 1172 853 ’“

71 931 121 1003 bie
140 930 405 1028 Evangelietee
436 931 496 1002 his
517 931 662 1005 rerbiee
703 926 942 1026 μετανοεῖτε,
970 930 1115 1029 ἤγγικε·

71 1031 140 1138 γάρ
157 1028 178 1121 ἡ
196 1031 381 1123 βασιλαεία
395 1031 478 1133 Ιτῶν
496 1029 687 1132 οὐρανῶν.
738 1033 852 1105 Mtth.
868 1049 912 1122 4,
934 1057 990 1121 ¹7·
1022 1037 1099 1108 Mc.

76 1161 111 1220 1,
137 1154 191 1219 ιε.
251 1138 313 1207 Ex
347 1157 418 1229 que
459 1135 632 1206 eratione
662 1133 739 1206 duo
768 1134 860 1204 haec
892 1153 1100 1230 emergunt.
1135 1193 1137 1200 .

72 1235 230 1307 Primum
247 1252 472 1308 revocentur
488 1234 677 1306 auditores
702 1257 722 1306 a
748 1259 898 1306 morum
923 1236 1102 1330 perversi·

73 1353 138 1409 tete
159 1360 201 1408 ee
227 1335 402 1409 serdibus
423 1335 474 1408 'ad
502 1335 641 1410 bouem
657 1333 806 1432 frugem
830 1337 1102 1432 melioremque
1196 1355 1202 1364 '

75 1433 180 1512 enitui
203 1435 564 1522 conformationem
600 1437 686 1509 dein
714 1459 820 1526 vero,
844 1437 884 1508 id
906 1439 1009 1534 quod
1033 1463 1103 1512 no·
1169 1523 1175 1534 ¹

75 1557 140 1613 etre
164 1549 274 1611 etune
302 1539 459 1616 intereat
477 1539 726 1634 perspexisse,
759 1547 918 1637 regnum
945 1541 1104 1614 Meeeie·

75 1665 159 1712 num
168 1640 392 1713 brevissimo
407 1646 581 1732 tereperis
595 1640 717 1736 apetie
730 1641 798 1732 <ite
810 1641 911 1713 enim
921 1665 955 1712 v.
972 1638 1104 1738 ἥγγικε

76 1741 231 1814 melioria
249 1758 366 1814 notae
381 1743 601 1836 interpretes
621 1743 668 1814 ad
687 1766 810 1814 unum
829 1765 961 1814 onruee
984 1745 1105 1840 expli·

77 1849 163 1935 eant)
178 1841 401 1916 adfuturum
416 1867 495 1914 esee
511 1843 738 1938 perhibetur.

141 1955 266 2041 Atque
284 1945 416 2018 eodem
442 1945 607 2016 tendunt
622 1969 663 2016 ea
679 1945 781 2032 loce,
805 1944 848 2016 in
867 1943 1005 2041 quibua
1028 1971 1106 2020 eoe-

79 2043 164 2118 lestis
189 2049 298 2147 regui
327 2047 572 2141 praedicatio,
608 2071 700 2143 quae
733 2038 883 2119 Christo
914 2046 1104 2138 tribuitur,

80 2169 156 2220 eum
188 2152 416 2222 miraculosis
450 2148 530 2221 eiua
566 2148 815 2221 sanctionibus
849 2148 1105 2244 coniungitur.

81 2251 184 2324 Mtth.
200 2266 245 2341 4,
277 2271 334 2334 23.
359 2274 402 2343 9,
431 2269 489 2336 55.
516 2254 632 2339 (Luc.
659 2275 713 2344 9,,
729 2274 762 2321 r.
789 2253 837 2337 6.)
865 2255 1024 2346 Egregie
1038 2251 1108 2348 igi·

81 2365 134 2422 tur
148 2352 462 2447 praeparabantur
477 2351 595 2423 enimi
611 2350 658 2424 ed
681 2350 752 2422 rite
769 2351 1029 2446 excipientium
1048 2377 1108 2424 eo-

80 2456 290 2546 epitetorem
306 2451 478 2526 futurum
493 2452 818 2549 (quandoquidem
838 2453 1109 2526 ardentissimis

80 2555 168 2626 rotie
185 2580 226 2626 ee
249 2546 368 2626 aetate
391 2579 411 2626 a
437 2555 619 2650 plerisque
633 2553 778 2628 ludaeis
796 2553 1108 2648 exepeetabetur),

81 2657 307 2749 experiundo
334 2655 514 2729 beneficia
545 2656 644 2742 eiua,
679 2657 746 2749 qui
780 2656 928 2729 temetsi
946 2659 1110 2729 Meseiee

82 2780 212 2832 nomen
225 2756 425 2845 reticebat,
452 2757 588 2851 apertis
605 2776 731 2829 temen
746 2757 870 2841 verbis
887 2756 1109 2845 declarabat,

84 2857 163 2930 beec
181 2875 290 2931 tante
310 2858 409 2931 bona
432 2883 517 2930 cum
535 2882 652 2954 regno
678 2858 807 2933 divino
834 2883 950 2953 prope
975 2859 1110 2932 aeccle-

83 2977 180 3032 rente
200 2984 284 3033 esee
298 2963 509 3034 coniuncta.
559 2961 810 3033 Praesentiern
832 2959 929 3056 regis
946 2961 1112 3032 theorre·

87 3059 143 3130 tici
159 3063 289 3158 reique
301 3063 513 3134 Mes'eienae
527 3063 621 3134 leete
638 3063 745 3133 initia
769 3087 851 3134 non
873 3061 1018 3133 minore
1035 3079 1112 3135 etu-

88 3159 143 3232 dio
160 3163 273 3235 iussit
290 3163 506 3257 discipulae
522 3189 587 3258 per
610 3162 721 3234 urbes
747 3163 1031 3257 provinciaeque
1047 3170 1113 3233 Pe·

87 3261 514 3350 laestineeennuntiare,
542 3264 697 3360 quibus,
724 3265 756 3337 ei
771 3264 868 3335 nihil
882 3269 1021 3361 magis,
1041 3265 1115 3336 hoe

89 3360 362 3454 temen'effecit,
390 3384 434 3437 ut
455 3367 567 3439 letius
588 3364 771 3460 proferret
794 3390 918 3437 rerum
936 3366 1115 3438 mexime-

88 3489 164 3535 rum
180 3468 495 3561 exspectationem
513 3485 550 3538 et
566 3467 738 3539 eculeum
752 3467 792 3540 iu
816 3467 951 3542 animia
975 3466 1115 3540 multo'·

88 3589 166 3637 rum
188 3570 426 3663 relinqueret.
474 3570 590 3641 Mtth.
612 3594 675 3653 to,
695 3592 729 3659 7.
765 3574 854 3641 Lue.
873 3594 915 3661 9,
945 3593 976 3642 e.
992 3572 1026 3642 6.
1056 3593 1116 3655 ro,

91 3688 120 3755 9.
139 3693 191 3738 rr.
241 3675 340 3742 Nem
363 3671 445 3742 eine
468 3669 606 3757 dubio,
631 3669 699 3765 qui
721 3670 829 3767 regni
851 3670 1021 3742 eoelestia
1045 3668 1144 3748 int.

91 3766 136 3836 tie
152 3770 288 3845 inetere
303 3770 525 3861 audiebant,
548 3771 676 3844 Iudaei
689 3771 786 3841 nihil
799 3769 902 3866 prius
917 3771 989 3844 eibi
1008 3793 1118 3866 quee-

91 3870 243 3950 rendum
277 3889 509 3967 putaverunt
545 3874 632 3948 tede
671 3872 878 3969 eeterieque
913 3869 1119 3944 virtutibue

93 3970 261 4068 principie
285 3974 397 4048 huius
419 3972 536 4073 regni.
588 3980 690 4071 Ergo
704 3975 777 4045 'hee
800 3974 955 4070 provide
980 3989 1018 4046 et
1033 3997 1120 4068 pru·

95 4069 198 4144 dente
215 4074 361 4156 ratione
377 4100 455 4148 rem
471 4099 666 4173 eggreeeue
686 4077 894 4162 Dominus,
917 4091 1121 4169 utrumque

96 4189 146 4240 eet
158 4195 398 4272 assequutus,
424 4194 469 4251 ut
484 4193 521 4248 et
539 4178 593 4248 rei
608 4177 820 4250 Messianee
841 4198 925 4272 epea
950 4175 1122 4247 alacriter
