2648 4990
529 359 941 460 *Bo-...s

210 538 323 616 malis
344 531 549 632 explicare,
575 557 687 632 quarn
703 531 798 633 quid
819 557 907 610 vere
928 535 977 608 iis
1000 532 1116 627 insit,
1137 538 1253 615 libers

177 661 179 668 ’
211 645 345 729 dicere,
364 637 465 712 lieud
482 636 598 710 dubie
615 639 688 710 hoc
703 638 915 726 continent,
933 633 1121 714 offensum
1136 638 1253 717 fuisse

211 753 394 820 Ioannem
412 739 620 834 Baptistssn
637 763 678 812 ea
693 737 839 812 ratione
855 763 899 811 ac
913 739 992 828 vis,
1019 761 1134 836 quem
1151 745 1252 816 Chri·

94 863 98 878 '
213 865 296 924 stus
313 844 481 937 inopere
499 865 568 917 suo
587 841 816 936 perficiendo
832 863 1013 938 sequutus
1030 861 1139 934 esset,
1158 842 1253 918 eius·

213 973 287 1046 que
312 942 470 1018 consilia
486 943 527 1014 in
552 941 858 1017 administrando¹
876 967 1035 1016 munere
1058 948 1252 1022 Messisoo

211 1051 276 1126 vsi
310 1068 392 1121 non
421 1042 628 1140 perspicere
660 1044 769 1132 setis,
804 1045 865 1118 vel
895 1044 1119 1140 improbare.
1170 1047 1253 1124 Etsi

212 1152 315 1226 enisu
329 1171 410 1220 non
428 1146 531 1218 hunc
545 1170 699 1220 sensum
714 1147 804 1218 huic
819 1146 1031 1242 quaestioni
1049 1148 1176 1224 inesse
1201 1150 1253 1222 di·

210 1253 348 1340 xerim,
379 1271 462 1328 non
487 1247 648 1322 ulterius
675 1273 744 1344 pro
766 1247 908 1322 Messia
931 1246 1104 1324 habiturn
1129 1275 1253 1325 esses

210 1359 353 1432 Ioanne
376 1348 568 1424 cerinum
583 1346 642 1443 ¹⁸),
667 1367 797 1438 umen
817 1351 883 1424 vir·
900 1349 1102 1447 impatiens
1126 1377 1254 1428 meres

209 1455 394 1554 regnique
416 1451 599 1527 Messiani
628 1451 822 1528 luculenta
853 1450 963 1524 initia
993 1453 1103 1526 avide
1126 1477 1254 1552 esspe-

211 1578 317 1631 ctans
340 1578 423 1628 non
444 1571 596 1626 tentum
613 1553 770 1628 celerius
787 1570 826 1627 et
841 1553 1018 1631 audacius
1037 1557 1254 1654 aggredien·

211 1719 420 1745 ...μ-μ-
706 1735 710 1745 ,
824 1708 830 1744 i

285 1817 416 1880 natura2
435 1821 500 1861 neo
518 1803 553 1861 in
568 1797 686 1862 Christi
697 1805 915 1880 responsione
934 1807 1071 1883 reperiri
1084 1807 1254 1888 vestigium

287 1877 393 1960 (hesse
413 1881 501 1938 esim
522 1879 613 1959 quod
638 1884 755 1936 attinet
773 1877 869 1938 Mtth.
883 1878 912 1940 ,1,
932 1899 959 1942 c.
978 1899 1008 1941 v.
1029 1887 1058 1958 4
1084 1880 1166 1950 Luc.
1186 1883 1210 1944 l.
1229 1903 1254 1944 o.

261 1987 314 2026 -v,
335 1985 382 2027 22.
402 1952 634 2039 ἀπαγγείλατε
654 1951 788 2040 Ἰωάννη
809 1978 871 2024 etc.
890 1977 1016 2044 aperte,
1029 1962 1078 2024 ad
1089 1968 1254 2028 loannem

285 2045 391 2132 ipsum
408 2043 608 2098 convertitur
629 2037 761 2116 oratio):
789 2034 845 2120 qui
864 2039 997 2100 tandem
1015 2039 1173 2102 credibile
1196 2057 1251 2115 est,

286 2141 300 2179 s
326 2123 459 2178 erasisse
479 2111 638 2172 loannem
658 2113 854 2206 Baptistrrm,
882 2116 972 2186 lore,
1001 2129 1037 2175 nt
1058 2114 1178 2177 Christi
1206 2123 1253 2198 ip-

260 2193 349 2256 ‘stus
377 2192 470 2251 dietis
495 2190 656 2265 lectisque
684 2184 918 2268 discipulorum
943 2191 1167 2253 incredulitati
1186 2215 1254 2254 sne·

287 2270 361 2330 dela
382 2263 562 2336 afferretur,
582 2275 798 2346 posteaquam
817 2265 879 2326 sibi
900 2271 1073 2348 magistro,
1096 2289 1198 2348 quesn
1218 2275 1252 2332 in

209 2391 211 2402 Α
286 2345 409 2406 deliciis
432 2337 607 2410 haberent,
634 2339 798 2410 uberrima
819 2341 861 2401 de
880 2343 1043 2404 Messians
1064 2347 1124 2404 viri
1145 2343 1254 2430 digni·

285 2435 351 2480 tate
377 2421 563 2477 testimonia
589 2413 727 2486 edenti,·
747 2421 881 2478 minime
902 2417 1014 2480 faciles
1040 2439 1132 2480 aures
1159 2439 1252 2498 pree·

284 2496 441 2558 buissent.
480 2491 671 2550 Praesertim
685 2497 836 2552 siverunt
854 2508 917 2567 est,
940 2494 1032 2575 quod
1047 2503 1252 2560 c'umconie·

263 2588 377 2646 ¹stura
396 2565 569 2648 probabile
591 2581 654 2642 est,
683 2568 971 2648 tunt‚quibusdem
992 2575 1090 2634 etiem
1110 2579 1252 2656 vestigiis

254 2719 257 2726 1
284 2645 466 2715 indicatur,
502 2641 653 2704 invidisse
688 2643 891 2726 aliquantum
919 2645 1036 2708 Christi
1068 2654 1254 2712 auctoritati

284 2725 416 2786 Ioannis
446 2720 622 2798 discipulos
651 2733 684 2780 et
710 2719 839 2790 dissidia
861 2742 900 2781 ex
925 2723 1145 2784 aemulatione
1166 2729 1253 2785 inter

284 2804 453 2878 utriusque
468 2796 612 2858 doctoris
622 2809 797 2857 sectatores
809 2796 951 2858 subinde
969 2813 1079 2860 exorta
1094 2817 1174 2863 esse.
1203 2802 1251 2862 ef.

254 2877 384 2950 «ies,
405 2873 454 2938 sos
485 2873 566 2936 Luc.
583 2880 620 2948 5,
640 2883 688 2944 &t
715 2871 810 2934 Mtth.
832 2891 869 2954 9,
892 2881 938 2953 ¹4·
973 2875 1129 2949 Accedit,
1157 2878 1252 2958 quod

144 2989 146 2996 ,
285 2949 401 3014 Christi
414 2949 499 3019 lecta
511 2947 644 3010 loannis
660 2947 824 3030 discipulis
840 2942 979 3012 aliunde
991 2957 1064 3012 satis
1079 2970 1188 3014 essent
1199 2975 1252 3014 co·

283 3033 388 3111 gnita:
422 3029 489 3085 imo
520 3021 561 3083 ab
591 3043 705 3084 eorum
733 3024 888 3106 adspectu
914 3039 1062 3088 recentes
1084 3027 1127 3087 ad
1148 3049 1202 3090 ma
1229 3033 1252 3088 i·

282 3121 383 3164 strum
408 3105 445 3161 in
471 3098 602 3160 vincula
632 3105 817 3160 coniectum
843 3105 968 3164 venisse
988 3103 1151 3164 videntur.
1202 3049 1251 3167 Εἴ.

281 3180 359 3239 Luc.
374 3195 404 3254 7,
428 3184 472 3246 ¹8·
492 3205 531 3222 -
567 3174 608 3238 V.
628 3176 824 3238 Lronrsoor.
844 3180 969 3238 inHor.
981 3177 1072 3240 hebr.
1090 3179 1132 3240 ed
1146 3179 1253 3244 Meet

159 3297 163 3306 .
218 3315 223 3324 ,
281 3253 303 3314 1.
324 3275 350 3334 c.
389 3251 470 3314 attis
487 3255 584 3312 etiem
598 3257 751 3332 patuitin
768 3250 878 3314 haere
894 3268 1026 3332 ternpus
1042 3260 1250 3332 coniecturis,

280 3351 360 3466 {uas
376 3347 567 3389 enumerare
585 3346 675 3388 nunc
687 3349 757 3389 non
773 3333 868 3413 iuvat¹
886 3344 918 3390 et
932 3327 1065 3394 uberius
1084 3341 1251 3395 recensuit

221 3459 224 3466 i
312 3423 436 3466 ursosu.
455 3407 492 3466 itt
512 3403 821 3474 committeris.
840 3404 863 3468 l.
883 3419 909 3466 c.

192 3605 195 3612 ,
221 3511 256 3614 *j
274 3530 376 3612 Quod
390 3533 535 3612 inprimis
550 3543 727 3610 propterea
741 3534 839 3591 statui
852 3534 987 3612 nequit,
1057 3531 1118 3608 od,
1139 3536 1165 3594 si
1187 3533 1251 3596 hoc

213 3607 216 3616 '
272 3605 839 3743 'ipsotetnporttldoamtetChlrlstum
850 3607 1003 3742 lzseudo·
1048 3616 1250 3743 1⁶⁸ssi³¹¹l⁸⁸⁸⁰

162 3809 166 3818 .
275 3684 1057 3834 itlttttttf’lrtttttttfftt:titt,lt
1078 3705 1250 3825 rtttttl
1280 3743 1283 3747 ·

280 3849 365 3909 tem,
384 3853 456 3900 uon
477 3839 637 3914 potuisset
653 3839 717 3901 nisi
735 3834 938 3914 perabsusde
961 3835 1003 3899 de
1024 3830 1087 3896 hec
1107 3841 1176 3916 ipss
1199 3857 1248 3909 re,

246 3963 249 3972 .
279 3932 359 3975 nutu
374 3916 415 3972 sit
427 3931 504 3972 vere
516 3912 669 3985 Messias,
688 3931 751 3988 per
765 3909 944 3988 discipulos
965 3931 1060 3976 exeo
1077 3933 1248 3992 quaerere.

245 4022 252 4056 z
280 3991 309 4048 A
322 3987 381 4050 tali
396 3991 481 4048 enim
497 3983 633 4048 homine
655 3985 759 4067 qualis
770 4002 864 4048 'esset
875 3989 1045 4066 responsio
1058 4004 1250 4067 esspeetan·

280 4061 334 4137 ds,
355 4062 550 4142 praevidisse
561 4059 714 4126 debebat.
736 4061 778 4124 Id
791 4061 884 4142 quod
899 4078 994 4126 acute
1007 4061 1090 4126 vidit
1102 4064 1249 4124 Mortis-

245 4198 249 4206 ,
280 4157 327 4199 sss
345 4143 382 4200 in
394 4137 538 4202 Adsere.
563 4136 656 4199 adh.
677 4137 701 4200 l.
722 4158 866 4218 eumque
885 4155 1041 4220 sequutus
1064 4141 1185 4210 Plutus
1212 4147 1249 4200 in

280 4217 406 4279 eomes.
425 4213 470 4278 sd
484 4209 517 4278 h.
530 4212 554 4278 l.
567 4213 608 4286 ll.
622 4215 841 4279 snspensas.
854 4215 937 4318 Hor.
949 4213 1055 4286 Hebr,
1071 4215 1115 4284 ad
1126 4213 1161 4290 b.
1177 4213 1206 4279 l.-
