2608 4996
359 352 762 434 -ι-ιόῚ--ι

57 535 133 582 nam
150 509 314 583 indolem
332 511 517 608 anquirat,
541 505 614 582 nec
632 507 802 582 omnibus
823 501 1004 610 acceptam
1019 511 1080 614 fn·

56 629 185 700 turam,
217 637 283 684 nec
311 614 413 684 omni
432 614 564 710 plausu
584 614 793 701 carituram,
816 613 913 686 inter
936 616 1078 690 interna

56 733 154 812 atque
170 729 318 786 externa
330 715 593 810 impedimenta
611 715 649 786 ln
666 717 730 785 bac
746 718 893 788 mortali
911 718 986 788 vita
1006 741 1078 790 ser·

55 833 204 911 pentem.
257 821 357 912 Quae
372 833 416 885 ut
436 817 557 888 acrius-
573 816 827 888 descenderent
851 817 890 888 in
912 819 1078 894 animum

55 917 274 1006 auditorum,
306 935 343 987 et
365 916 556 988 itentidem
580 919 799 1012 cogitatione
816 919 1077 1009 volutarentur,

55 1019 233 1116 epilogum
253 1017 352 1089 hunc
366 1019 522 1090 addidit:
557 1021 690 1110 (Mtth.
713 1041 777 1108 13,
801 1007 839 1114 ¹9.
873 1025 948 1091 Mc.
970 1037 1013 1111 4,
1040 1047 1075 1112 9.
1145 1064 1148 1074 ι

54 1127 132 1192 Luc.
149 1139 192 1208 3,
220 1121 298 1213 3.)=
332 1115 480 1215 ὁέχιυν
497 1113 585 1193 alra
599 1115 770 1210 ἀκούειν,
798 1116 997 1196 droue'rw!

122 1223 268 1293 Gemini
283 1221 488 1317 argumenti
506 1238 577 1308 est,
601 1245 693 1318 quae
717 1247 737 1292 a
753 1224 948 1296 Matthaeo
969 1223 1076 1300 adue·

54 1323 170 1407 ctitur,
195 1323 345 1396 collatio
368 1323 421 1417 (v.
440 1323 659 1418 ευρ-50))
687 1325 731 1394 cl.
752 1317 942 1423 ἑπιμυθίῳ
959 1349 979 1396 a
997 1333 1076 1398 lesu
1093 1351 1098 1365 ’

54 1426 128 1496 solis
141 1424 328 1521 discipulis
346 1425 591 1519 praesentibus
612 1425 854 1497 subiuneto-v.
875 1431 1075 1518 56-v-43.)

54 1526 210 1598 debono
236 1527 375 1598 semine
403 1529 442 1598 in
469 1529 597 1598 eodem
619 1551 705 1624 agro
728 1526 943 1624 intersperso
964 1529 1074 1618 loliis,

54 1653 118 1700 non
139 1646 221 1700 ante
245 1629 369 1700 messis
392 1646 537 1722 tempus
563 1646 681 1716 metu,
712 1653 757 1699 ne
779 1629 892 1724 segeti
916 1629 1074 1704 sincerae

54 1728 242 1819 officiatur,
270 1731 516 1824 exstirpandis.
556 1731 694 1828 Quibus
711 1730 801 1802 hano
819 1731 1074 1804 sublimiorem

54 1835 256 1904 sententiam
272 1832 393 1903 voluit
408 1835 620 1926 expressam.
671 1833 768 1902 Tolis
784 1852 837 1902 est
854 1834 1074 1926 exspectatio
1181 1877 1188 1892 ·

55 1935 165 2005 co'etus
190 1933 384 2020 Messiani,
412 1949 455 2002 ut
481 1935 525 2003 ad
548 1958 634 2002 eum
656 1933 884 2028 implendum
903 1935 1075 2009 accessuri

54 2035 116 2104 sint
138 2061 209 2106 una
243 2061 328 2104 cum
352 2033 458 2106 bonis
492 2036 657 2106 homines
689 2033 836 2121 nefarii,
871 2035 1072 2122 adiabolo,

54 2155 216 2232 perpetuo
240 2153 278 2207 et
298 2136 471 2206 acerrimo
486 2137 540 2206 rei
557 2137 758 2207 Messianoe
773 2137 974 2208 adversario
990 2138 1073 2210 sub·

55 2239 168 2310 ornati.
190 2269 194 2281 ’
221 2237 295 2335 Qui
318 2261 536 2333 magnopere
572 2239 770 2308 cavendum
797 2239 862 2324 sit,
896 2263 942 2308 ne
972 2261 1074 2333 prae·

54 2357 184 2411 maturo
207 2340 331 2411 studio
352 2339 397 2410 ab
415 2339 639 2410 adiutoribus
661 2339 754 2434 regis
776 2339 984 2410 theocratici
1007 2339 1073 2432 (rei

54 2443 242 2514 Messianae
277 2441 484 2511 doctoribus
509 2457 546 2511 et
583 2423 824 2530 administris)
854 2466 876 2512 e
901 2442 1073 2513 societate

55 2565 162 2614 recens
182 2544 329 2614 condita
351 2542 528 2613 inhabiles
549 2543 639 2612 socii
665 2557 928 2614 removeantur.
980 2549 1073 2614 Fore

55 2643 142 2714 enim
156 2643 381 2740 periculum,
402 2660 446 2714 ut
463 2668 537 2714 non
558 2645 642 2715 setis
666 2645 861 2738 prudenter
878 2643 960 2715 talis
975 2645 1073 2715 delei

55 2761 122 2816 ctus
136 2746 362 2832 instituatur,
381 2733 422 2816 et
437 2769 484 2816 ne
499 2744 767 2840 bonisquidem
786 2763 960 2840 pascatur.
1013 2752 1070 2837 (V.
1105 2837 1108 2844 1

57 2871 106 2938 ²9·
124 2867 177 2932 30.
199 2851 273 2920 hoc
287 2848 396 2918 etiam
419 2847 534 2918 inesse
547 2847 705 2932 videtur,
731 2850 846 2918 otium
861 2871 934 2918 esse
950 2870 1071 2919 conce·

55 2951 195 3025 dentium
214 2955 301 3023 novi
322 2953 470 3022 instituti
493 2949 740 3037 sectatoribus,
767 2967 807 3019 ut
827 2950 1072 3041 resipiscant.)

54 3054 170 3145 Neque
193 3069 317 3122 tamen
340 3049 575 3122 secretionem
596 3049 776 3122 bonorum
792 3050 836 3121 ab
857 3049 1034 3143 improbis
1051 3073 1074 3122 a

55 3153 172 3224 Messio
188 3154 339 3248 eiusque
354 3177 467 3250 regno
491 3169 666 3247 perpetuo
689 3152 843 3224 alienam
858 3150 949 3222 fore.
980 3151 983 3160 ’
1000 3151 1071 3222 Sed

55 3253 159 3322 redire
173 3256 253 3326 talis
275 3255 403 3350 iudicii
417 3253 640 3349 provinciam
661 3256 705 3324 ad
727 3254 900 3324 Messiam
921 3251 1071 3348 eiusque

54 3351 242 3444 ministros,
261 3357 427 3451 angelos,
445 3372 482 3425 et
495 3355 528 3425 ei
546 3355 693 3450 quidem
710 3353 868 3450 tempori
884 3354 1068 3452 adsignan-

55 3454 128 3524 dam
144 3481 235 3545 esse,
263 3483 337 3553 quo
356 3457 403 3528 sit
424 3457 664 3544 adventurus,
688 3471 731 3525 ut
754 3455 839 3524 huic
861 3479 982 3524 rerum
1004 3456 1071 3526 hu·

53 3577 228 3629 manarum
237 3557 438 3630 conditioni
449 3557 733 3652 finemimponet
748 3547 799 3648 (ἓν
810 3552 859 3650 τῆ
871 3555 1071 3657 συντελείᾳ

55 3653 118 3726 ro't'i
133 3657 269 3748 αἰῶνος
281 3683 329 3732 so.
345 3656 568 3752 rodtouffl)
589 3681 779 3756 novusque
796 3659 1000 3730 seculorum
1014 3681 1072 3729 or·

53 3799 243 3822 *flu—-

68 3873 172 3952 *lldie
186 3880 329 3957 primum
347 3878 443 3940 obvia
463 3877 620 3942 lonnnltr
653 3867 810 3960 ὡμοιώθη
825 3866 844 3954 ἦ
857 3869 936 3950 Boo.
954 3892 984 3938 r.
996 3865 1070 3957 adp,

120 3973 201 4034 quoe
219 3955 303 4016 solet
327 3960 506 4036 praemitti,
536 3969 589 4029 ut,
619 3974 684 4035 quo
708 3955 844 4015 tendent
870 3953 1068 4029 collationes,

119 4035 335 4107 perspiciatur.
375 4029 424 4090 Cf.
448 4039 499 4104 18,
520 4041 568 4102 23.
587 4050 641 4104 υ,
661 4051 690 4091 2.
727 4031 843 4090 Verte:
862 4027 1070 4089 similes-nme

120 4121 154 4161 re
204 4105 333 4166 'diuini
347 4106 510 4180 raciones,
539 4109 588 4178 ei,
608 4105 700 4184 quod
719 4109 826 4166 evenit
844 4102 968 4164 homini
988 4119 1049 4163 tte.

71 4169 118 4254 ”l
134 4125 208 4242 lion:
221 4179 373 4256 verbum,
394 4187 446 4243 cui
463 4201 509 4245 ne
534 4185 608 4245 tttlt
628 4180 762 4263 quidem
780 4193 902 4260 aptum·
914 4182 951 4242 itt
960 4179 1009 4240 »Vs
1027 4178 1068 4240 Τ.
