2648 4990
513 381 630 407 --
689 365 760 444 90:
799 371 929 400 a...

198 514 488 602 susurraretur,
520 529 559 590 at
584 511 646 588 s'ui
673 527 808 584 tamen
817 509 1012 584 nominis
1023 535 1106 587 ιιοιι
1127 515 1238 590 fieret

197 637 343 716 praemr
365 633 514 712 tempus
539 627 805 718 opportunum
829 613 1100 758 communique
1128 615 1238 690 bono

155 735 158 744 '
196 745 312 794 noxas
324 736 481 790 attentio
1303 773 1304 806 ,

236 827 410 894 Verum
433 815 637 914 prodeant,
671 815 802 906 oredo,
832 813 916 904 alii,
949 819 1032 914 qui·
1030 817 1236 892 Christum

196 921 335 994 idcireo
360 937 502 1017 negent
525 921 758 992 Messianam
775 917 849 990 sibi
871 917 1048 992 tribuisse
1071 939 1237 1016 potesta·

196 1043 293 1112 tem,
316 1024 496 1118 quoniam
511 1045 592 1092 non
610 1021 725 1092 semel
740 1022 818 1094 suis
833 1019 1070 1094 interdixisse
1084 1021 1236 1109 dieitur,

118 1181 122 1192 .
195 1151 246 1200 tie
267 1149 309 1197 se
329 1147 454 1219 regem
476 1123 743 1216 theocraticum
767 1121 1034 1216 profiteantur,
1058 1124 1245 1243 idemque.

196 1249 322 1317 coram
341 1223 554 1319 promiscue
575 1223 823 1295 multitudine
841 1224 1022 1298 adstante
1016 1223 1236 1318 repetierit.

197 1327 350 1404 Huius
340 1325 457 1426 agitur
471 1324 565 1400 iussi
581 1325 703 1423 qualis
718 1321 832 1398 fuerit
844 1343 979 1400 nature
993 1344 1032 1399 et
1047 1329 1168 1416 ratio,
1184 1325 1237 1398 vi·

194 1431 361 1507 ἁοιιιιοι.

215 1537 416 1630 Agatur
435 1527 602 1623 primum
623 1526 802 1600 dthth.
826 1553 888 1617 ra,
918 1531 974 1600 rs.
1021 1533 1060 1602 Is
1081 1529 1235 1626 quidem

166 1646 169 1658 '
195 1591 329 1705 letus
327 1656 373 1704 ex
397 1655 442 1704 eo
466 1653 600 1731 genere
624 1647 698 1718 est,
721 1647 766 1700 ut
787 1653 868 1702 non
887 1631 1053 1704 multum
1072 1629 1235 1702 subsidii

194 1752 346 1806 nostrae
362 1722 802 1807 sententtssadversarus
816 1729 922 1804 ferat
951 1733 1235 1822 Christuaenim
1304 1749 1305 1770 ¹

194 1861 282 1910 cum
279 1833 340 1906 ab
358 1859 403 1906 eo
418 1834 503 1905 loco
520 1834 793 1928 disoessissets
783 1857 825 1904 ιιι
838 1855 914 1928 quo
932 1805 1097 1923 homisii,
1117 1857 1246 1904 manu

123 1931 129 1942 ⁴
195 1937 320 2010 tabida
349 1935 558 2023 laboranti,
595 1936 794 2008 sanitatem
813 1935 1045 2021 restitueret,
1071 1937 1235 2006 multos·
1306 1961 1307 2028 3

194 2053 279 2138 que
290 2055 378 2158 post
399 2060 487 2108 eum
513 2039 608 2110 alios
640 2037 686 2108 de
709 2035 899 2110 adfluente
920 2037 1054 2134 populi
1078 2037 1233 2108 turbas
1306 2039 1307 2078 r

196 2139 452 2235 eorpo'reism
414 2138 524 2210 malis
547 2137 799 2226 liberavisset,
824 2137 985 2210 traditur
1012 2163 1145 2258 severe
1165 2139 1234 2210 hos

194 2245 297 2340 ipsos
313 2231 617 2314 admonuisaeff‘
600 2265 660 2312 ινα
677 2264 725 2332 μη
713 2237 912 2342 φανερὸν
930 2237 1050 2312 αὑτὸν
1062 2237 1235 2327 sotioru-

160 2379 163 2394 ·
195 2367 266 2420 σιν.
302 2347 424 2456 ’Haec
446 2365 527 2412 ιιοιι
554 2337 753 2414 obinmode
776 2341 990 2414 referuntur
1015 2341 1063 2412 ad
1087 2339 1233 2436 profes·

194 2435 342 2520 sionei'n
368 2441 611 2516 Messianse
601 2467 643 2516 ιιι
665 2442 813 2514 Christo
838 2443 1050 2540 dignitatis,
1078 2467 1153 2560 qua
1177 2441 1243 2512 in-.

195 2543 394 2621 tardiorum
409 2542 526 2615 fuerit
541 2551 625 2616 Iesu
641 2543 853 2616 comitibus.
906 2546 988 2618 imo
1007 2537 1132 2616 omnis
1143 2545 1236 2615 haee

195 2650 320 2723 cautio
332 2647 495 2742 pertinet
512 2648 558 2718 sd
573 2648 817 2722 miraculosae
827 2665 1060 2734 curationes
1080 2647 1198 2718 modo
1211 2669 1244 2716 a·

194 2759 281 2826 Iesu
302 2747 501 2846 perfectas,
537 2767 693 2844 quarum
719 2773 907 2822 rumorem
930 2750 1006 2824 late
1027 2745 1190 2842 proferri
1213 2772 1232 2816 a
1308 2819 1309 2842 ἦ

79 2931 81 2936 ,
194 2855 337 2950 populo
352 2847 572 2944 nolebat*)‚
594 2875 644 2922 ne
660 2851 847 2924 Pharisaei
861 2851 1045 2946 oeterique
1059 2849 1234 2942 Syhedrii

195 2976 415 3034 assessores,
449 2977 613 3048 quorum
643 2953 718 3022 iam
743 2951 950 3024 exacerbati
981 2968 1089 3022 erant
1112 2949 1234 3020 animi
1308 2973 1309 2986 ¹

194 3055 383 3129 sibbaties
405 3054 571 3126 hominis
589 3055 817 3151 aegrotantis
842 3053 1056 3139 sanatione,
1091 3052 1232 3122 acriore
1308 3101 1309 3108 ι

52 3203 56 3220 ·
126 3189 134 3202 ·
193 3157 375 3245 commoti
399 3155 562 3238 invidia,
594 3152 771 3249 pestifera
794 3156 841 3226 de
867 3153 1058 3250 perdendo
1084 3153 1231 3250 optimo

194 3259 346 3330 doctore
362 3256 554 3330 consilia
542 3275 653 3330 tusto
663 3255 773 3330 eitius
797 3275 1097 3350 exsequerentur.
1127 3251 1177 3326 ef.
1195 3277 1231 3326 r.

198 3377 254 3452 ι4.
281 3359 326 3430 ol.
351 3364 507 3448 Luofi,
535 3385 591 3432 ιι.
618 3363 693 3430 Μο.
717 3354 1231 3450 3,6.·(Cf.oclrem1psa

189 3463 274 3536 loca
290 3460 622 3556 perquamsimilia
639 3467 730 3532 Luc.
748 3481 791 3547 3,
809 3463 868 3544 56.
896 3464 971 3529 Me.
987 3479 1028 3544 5,
1044 3474 1124 3546 45,
1150 3457 1230 3542 ubi,

193 3580 321 3636 sanata
336 3562 423 3634 Iairi
435 3562 564 3650 filiola,
580 3564 704 3635 vetuit
717 3559 908 3634 adstantes
921 3577 1035 3632 testes
1046 3559 1229 3642 Christus,
1308 3595 1309 3600 ι

192 3689 270 3737 rem
293 3687 409 3734 unam
438 3665 613 3736 omnium
645 3661 905 3735 admirabilem
923 3661 1038 3733 latius
1062 3657 1230 3756 proferre

193 3763 459 3858 sermonibus.)
510 3770 596 3840 Hoc
612 3763 798 3860 prudente
812 3763 952 3836 Christi
972 3781 1084 3856 atque
1102 3759 1231 3832 mode·

80 3883 82 3890 ’
193 3886 252 3940 sto
273 3866 375 3940 facto
390 3868 607 3949 Matthaeus
627 3867 682 3938 ait
706 3883 885 3939 eventum
901 3864 1098 3950 habuisse,
1126 3858 1231 3958 quod

212 4115 243 4194 *)
264 4113 356 4255 Klein
375 4100 498 4198 placuit
515 4119 740 4178 recentissimo
765 4113 955 4198 interpreti,
981 4109 1169 4172 Farrzsoato
1190 4103 1231 4167 ad
1265 4207 1268 4216 ,
