2576 4994
348 413 757 486 *¹⁸6²*-

44 571 149 644 nilern
175 587 331 644 aetatem
356 567 570 668 arrogantia,
591 569 649 642 aui
672 569 773 650 iuria¹
786 567 949 642 fructum
976 593 1084 669 qnae·

45 675 157 748 rantis,
208 671 313 746 Paier
336 695 427 768 opee
452 669 642 768 (nonest)
671 671 767 744 inter
792 669 890 746 filine
915 671 1083 768 disperti-

43 775 111 862 vit,
136 777 365 851 maiornetu
385 773 488 846 domi
513 775 699 862 remansit,
724 799 818 869 opua
838 793 976 872 agreate
994 775 1083 872 egit.

43 876 161 948 Iunior
194 899 302 965 vero,
341 877 442 971 quod
472 891 680 976 optaverat,
719 877 959 974 adaequutua‚
999 891 1084 972 post

43 1001 168 1074 paucos
202 967 289 1066 dies,
343 979 555 1065 collectore,
608 993 652 1048 nt
693 995 787 1049 esset
827 977 981 1050 liberior
1003 979 1083 1050 imo
1156 976 1159 988 ’

43 1081 205 1152 licentior
240 1101 351 1166 uana,
399 1077 513 1174 patric
551 1079 678 1168 oculiai
708 1080 749 1152 in
788 1095 920 1152 terram
960 1101 1085 1152 remo·
1169 1133 1173 1145 .

43 1197 180 1252 tantae
218 1178 413 1255 subtraxit.
486 1179 545 1252 Ibi
583 1179 775 1254 luxuriose
810 1179 972 1254 vivendo
1012 1180 1085 1254 dia·

42 1281 168 1378 sipavit
191 1272 470 1381 patrimonium.
520 1285 574 1356 ita
607 1307 648 1356 ea
678 1281 861 1379 praesiitit
891 1281 1085 1356 hominem
1186 1291 1215 1311 ‘·

42 1385 179 1469 levcmr
226 1407 303 1458 non
343 1383 568 1479 malignum,
619 1385 721 1481 quod
754 1383 794 1457 iu
838 1385 1085 1485 applicatione
1177 1375 1196 1425 ·‘

41 1486 157 1582 magni
182 1504 238 1558 est
262 1485 456 1559 momenti.
505 1487 577 1560 lile
599 1507 686 1558 carm
708 1485 832 1562 omnia
846 1485 1085 1584 profudisset,

42 1587 219 1662 calamitae
233 1587 400 1686 publice„
417 1585 544 1675 samec,
568 1589 762 1688 regionem
782 1591 976 1690 occupavit
991 1589 1087 1662 eiua-

43 1715 108 1786 que
132 1691 297 1788 inopiam
313 1687 409 1796 baud
426 1689 663 1762 mediocriter
682 1691 795 1764 auxit.
845 1693 998 1788 Cogitur
1013 1689 1086 1766 viri

44 1791 240 1884 (gentilici)
273 1791 383 1864 huiua
408 1797 542 1864 ‘tractus
565 1789 798 1866 famulitium
826 1817 1009 1891 quaerere,
1032 1817 1086 1867 sav

41 1893 102 1982 tis,
127 1895 185 1966 uti
208 1895 377 1984 videtur,
413 1893 515 1982 duri,
553 1895 619 1992 qui
642 1917 730 1968 eum
753 1896 794 1968 iu
820 1919 948 1992 agrum
972 1895 1085 1984 misit,

42 2012 91 2064 ut·
111 2021 244 2092 porcos
280 2011 461 2096 parceret,
502 1995 703 2093 negotiove
739 2014 882 2070 vacaret
914 1999 1086 2071 omnium

41 2099 273 2192 spurcissimo
313 2115 352 2170 et
389 2097 527 2171 Iudaeo
568 2093 714 2172 bomini
748 2100 913 2174 maxime
958 2124 1084 2173 exoro.

41 2203 169 2298 Neque
197 2201 337 2274 reverai
369 2223 390 2271 a
422 2199 580 2296 pascuis,
618 2223 706 2272 cum
736 2202 854 2274 victua
874 2203 1087 2274 contemtia·

41 2302 195 2398 aimua‘)
217 2301 323 2400 gregi
347 2303 613 2399 porrigeretur,
638 2301 833 2403 quisquam
858 2303 1012 2376 bubulci
1038 2329 1086 2380 ex

43 2463 246 2485 qt„—

109 2555 184 2620 nie,
204 2569 280 2614 non
300 2549 436 2625 dicilur,
460 2569 526 2614 nec
542 2549 666 2614 idcirco
677 2551 808 2646 poterit
827 2559 999 2624 conetitni:
1019 2559 1087 2618 eal

107 2645 179 2695 voc.
198 2627 283 2709 βίου
302 2630 391 2704 (non
405 2623 579 2690 differente
598 2625 639 2688 ab
654 2648 764 2707 noerae
783 2631 867 2707 voc.)
887 2629 952 2691 hoe
970 2637 1088 2712 nequit

111 2731 186 2772 cnm
228 2713 335 2773 Piceo
370 2709 539 2772 contendi.
584 2707 654 2770 Sibi
687 2715 824 2772 servavit
856 2713 1087 2794 paterfamiliae

108 2787 255 2861 laudea,
288 2803 412 2868 agroe,i
432 2783 586 2860 domum,
617 2805 745 2860 corace,
777 2807 847 2848 reru
875 2787 1086 2852 domenticam

110 2883 260 2924 omnem.
282 2861 321 2922 cl.
340 2881 370 2922 e.
391 2879 438 2922 aa.
458 2880 505 2940 ²9·
524 2870 575 2932 3¹·
612 2861 711 2922 Filiae
737 2875 815 2924 natu
835 2869 960 2938 maior,
981 2871 1086 2944 cuiue,

109 2936 408 3075 Ρῗιὲἳὲξῗίἱῖέηῖθ
424 2935 1011 3090 iiiioi'iiiiiiiiiii{iiiii
1029 2939 1087 3081 hii
1149 2969 1151 2985 '

108 3035 260 3227 pincernis
280 3033 378 3150 iionie
394 3055 450 3166 iel.
469 3105 499 3150 v.
519 3107 567 3170 ²9·
585 3092 649 3171 ει.)
678 3111 749 3154 non
767 3105 833 3152 tem
853 3037 1087 3156 ciimmunione

136 3186 300 3240 cnorum,
321 3183 418 3246 qnam
438 3163 605 3228 liberrimo
625 3169 695 3241 hlii,
715 3187 772 3228 ena
788 3172 914 3230 eervitia
961 3175 1020 3230 atri
1040 3171 1088 3242 di·

108 3247 216 3304 cantia
228 3283 240 3315 ,
261 3244 343 3302 iure.
380 3241 488 3301 Licuit
507 3257 617 3306 tamen
634 3248 774 3328 genitori
801 3244 844 3305 dc
866 3189 957 3307 raaid>

108 3323 161 3380 uia
192 3332 228 3380 et
256 3319 379 3383 iuniori
405 3315 619 3395 benefacerei,
677 3335 812 3382 uantum
840 3319 949 3382 vellet.
998 3319 1089 3400 Quid

30 3451 34 3458 .
108 3394 205 3474 quod
227 3397 315 3455 etin
334 3389 448 3467 huiue,
469 3415 557 3468 quaa
574 3344 735 3468 xenaiae,
756 3391 945 3458 hereditarie
962 3413 1088 3477 partem

107 3489 229 3532 vocare
248 3487 357 3547 nuper
373 3479 541 3550 receptum
560 3467 663 3534 filium
682 3471 818 3535 alterum
839 3469 940 3534 licuit.
1029 3525 1035 3544 x

55 3557 162 3640 *)De
184 3561 367 3706 negociare,
395 3559 538 3640 eiliquie,
578 3564 697 3646 quibua
718 3577 751 3625 et
772 3569 885 3642 porci,
907 3561 1090 3628 etiniimaa
1133 3551 1138 3567 ’

956 3251 1003 3306 uie
1028 3243 1089 3307 bo·

111 3650 210 3708 sortia
255 3649 381 3706 omince
402 3643 591 3722 alebantur,
610 3667 641 3710 v.
659 3647 785 3710 Wrnaa.
807 3646 848 3708 R.
867 3648 920 3710 W.
938 3649 1007 3722 346.
1021 3653 1090 3726 347.

109 3720 266 3789 Excitent
289 3717 421 3800 plurimi
451 3721 559 3785 Taim.
579 3724 733 3805 Valiiira
757 3720 855 3784 rabb.
878 3733 924 3796 15,
947 3725 1011 3793 15&
1031 3743 1090 3784 ne·

112 3817 208 3858 cerae
229 3811 296 3868 eat,
329 3811 367 3857 nt
385 3795 526 3858 Iudaeus
547 3799 623 3862 edat
643 3799 776 3882 siliquae
796 3795 925 3875 (infima
946 3813 1089 3882 egeetate

111 3876 320 3952 prematur),
339 3877 387 3934 eic
410 3877 498 3934 enirn
519 3890 593 3958 aget
611 3881 860 3958 poenitentiam.
877 3906 917 3922 -
940 3875 1006 3938 sed
1026 3874 1091 3935 die-

111 3948 1092 4108 iiiii,iiiiiiiiiiai'iiiiiitiii?”tii

111 4099 206 4172 licit,
228 4097 340 4175 berbii,
354 4107 467 4163 viriaco
485 4109 634 4166 minctum
654 4109 690 4166 in
709 4125 808 4188 agro,
841 4123 940 4184 parca
962 4118 1091 4162 monau-

112 4191 202 4236 ratae
226 4197 244 4238 a
263 4175 372 4237 villico
391 4175 525 4258 eillquaa
543 4185 663 4262 porcie,
685 4201 703 4242 a
722 4184 849 4262 pascuis
868 4176 1092 4240 redeuntibue.
1167 4185 1173 4198 '

112 4249 163 4312 lta
184 4249 278 4313 cibue
308 4250 445 4316 bubulci
464 4253 540 4317 cibo
558 4275 734 4339 porcorum
758 4255 865 4318 vilior.
903 4253 1014 4317 Addee
1033 4249 1094 4314 ho·
