2734 4998
251 367 257 380 ,
284 335 301 366 ἱ

390 405 908 454 ..ᾳ-ηνι-η--μ

181 549 303 638 cordi
333 569 446 636 esset
470 546 600 652 mihi,
628 567 682 636 ut
706 551 872 653 Iesum,
903 545 958 630 de
986 548 1121 657 reg'no
1146 576 1228 632 suo

182 651 419 766 dicenteni',
450 663 579 778 plene
600 683 645 748 et
672 661 889 748 subtiliter
911 689 1229 772 cognoscerem,

131 875 132 883 Ν
183 810 229 861 eo
254 809 336 860 uuo
350 770 447 889 fine
473 777 703 862 itentidem
728 783 921 888 quatuor
946 776 1230 885 Evangelicos
1314 785 1322 796 '

182 881 317 977 libros
349 895 625 1007 pertractavi.
681 894 883 974 ¹Fructus
918 889 1115 972 lectionis
1145 887 1234 973 fuit

185 1003 401 1088 doctrinae
415 1031 493 1120 per
506 1021 651 1118 partes
667 1002 909 1115 designatm,
930 1031 1054 1115 quae,
1082 1007 1233 1117 q'uam'-
1254 1040 1257 1050 2

109 1135 116 1142 “
185 1124 251 1203 vis
274 1149 393 1202 nune
415 1114 719 1232 simplicissima
735 1117 948 1222 videatur,
974 1137 1122 1200 tamen
1139 1145 1234 1199 non

185 1237 347 1318 nisiex
373 1236 529 1317 iterata
551 1225 921 1346 pervestigatione
943 1259 998 1313 se
1026 1229 1233 1344 prodidit.
1288 1325 1291 1334 ¹

210 1383 216 1411 ¹
271 1350 343 1430 De
372 1346 622 1430 diversitate
652 1365 1046 1436 monumentorum¹
1075 1347 1235 1428 in'tra·

189 1459 331 1547 denda
356 1460 517 1569 Christi
532 1459 624 1543 vita
646 1490 774 1575 saepe
800 1459 978 1571 quidem
994 1455 1237 1543 iudicatum

188 1595 277 1682 est,
305 1594 351 1657 et
373 1573 883 1688 disceptatumcopiose,
914 1571 988 1656 sed
1012 1575 1140 1656 nimis
1167 1601 1235 1683 ge·

190 1687 393 1789 nemrim,
430 1692 493 1771 ita
515 1709 569 1771 ut
598 1692 741 1804 capita
768 1685 1043 1772 dissensionis
1067 1681 1238 1796 singula

135 1872 137 1881 Α
190 1831 284 1886 uon
327 1805 768 1916 circumspectesatis
800 1801 1118 1912 digererentur,
1155 1829 1239 1882 neo

192 1944 297 2000 vero
317 1918 518 2028 proxima
533 1919 645 1998 ratio
664 1911 930 2029 disputando
952 1913 1164 2026 utrimque
1181 1911 1239 1996 el·

191 2027 405 2114 ficeretur.
463 2032 606 2140 Regni
635 2061 660 2114 a
685 2030 858 2114 Christo
884 2026 1102 2111 condendi
1128 2031 1239 2110 inte·
1306 2107 1309 2115 J

134 2159 137 2168 '
192 2147 354 2226 riorem
378 2165 580 2228 naturam
600 2147 867 2256 perspexisse
889 2171 1028 2253 quum
1050 2139 1166 2234 idern
1185 2143 1242 2225 sit

194 2289 244 2344 ac
278 2261 395 2342 vitae
431 2259 528 2340 Iesu
559 2259 787 2342 consilium
822 2277 984 2340 mente.
1004 2257 1241 2366 animoque

193 2370 435 2474 imbibisse,
481 2367 612 2454 fontis
647 2371 944 2455 diversitatem
971 2363 1149 2451 strenue
1177 2390 1240 2452 te-

194 2484 397 2590 nendam,
428 2502 474 2566 et
495 2484 669 2594 quidex
694 2515 745 2570 ea
760 2511 1029 2596 consequens
1049 2485 1117 2584 sit,
1143 2485 1241 2566 sim·

194 2601 365 2714 pliciter
389 2620 433 2684 et
458 2601 686 2710 perspicue
714 2602 959 2683 censuimus
981 2617 1242 2709 ‘proponen-

129 2751 132 2758 ·
196 2714 314 2798 dum.
359 2717 422 2798 Ea
446 2713 668 2819 diversitas
691 2712 960 2796 nullomodo
980 2738 1244 2823 componen-

186 2827 252 2912 'da
289 2824 356 2911 est
398 2826 583 2937 obliquis
624 2832 891 2940 sinistrisque
924 2823 1244 2938 interpretandi

199 2941 363 3026 artibus
396 2972 428 3025 s.
459 2940 600 3023 abusu
631 2942 894 3055 philologiae
919 2944 1076 3050 (quem
1100 2957 1154 3020 ut
1178 2969 1243 3020 re·

197 3060 402 3175 primam,
434 3055 535 3138 clari
562 3077 736 3140 nostrae
764 3059 915 3140 aetatis
932 3053 1141 3164 theologi,
1170 3083 1243 3138 ve·

198 3191 344 3256 terum
367 3170 580 3253 librorum
610 3172 897 3284 explicatione
925 3167 1167 3268 exercitati,
1198 3186 1245 3251 et

199 3286 470 3397 antiquitatis
505 3303 680 3392 gustum
719 3285 950 3386 habentes,
999 3279 1175 3363 fortiter
1200 3300 1246 3363 et

166 3499 170 3508 ἱ
200 3398 388 3486 secunda
407 3397 586 3480 fortuna
603 3403 812 3506 tentant),
834 3398 907 3481 sed
921 3397 1074 3478 altiore
1086 3396 1245 3486 criseosj

200 3511 418 3596 historicae
441 3532 573 3624 atque
595 3508 907 3628 psychologicae
931 3506 1159 3622 praesidio·
1234 3498 1236 3507 ’

288 3627 372 3714 Sed
392 3627 597 3711 dissensio
616 3628 908 3740 Synopticnm
928 3629 1045 3705 inter
1061 3641 1106 3704 et
1120 3621 1246 3702 Ioan-

200 3772 335 3828 neum
361 3740 521 3830 librum
551 3771 764 3826 summam
781 3743 845 3822 rei
862 3739 1134 3823 Christianae
1153 3763 1247 3818 non

199 3863 353 3970 tangit.
409 3855 618 3939 Ea‘salva
645 3876 720 3940 est.
771 3856 954 3940 Namin
977 3848 1184 3942 πνεύματ’,
1214 3877 1246 3934 ε.

201 3975 249 4058 in
272 3975 428 4058 intima
454 3971 587 4069 animi
612 3969 831 4080 theologia
852 3987 1109 4081 quaerentes
1126 3967 1246 4050 inve·

200 4091 370 4170 niemus
387 4084 601 4184 solatium,
620 4083 816 4197 exemplo
834 4081 1114 4182 candidarum
1125 4077 1247 4161 Chri·

197 4205 366 4286 ¹stianae
387 4201 539 4282 aetatis
559 4218 605 4280 et
618 4228 765 4282 rerum
785 4197 1031 4293 divinarum
1056 4193 1246 4305 genuino
