2654 4988
525 324 644 412 ’···“··’
696 349 772 444 ‚4⁶⁸
824 389 944 450 ’7-

209 536 291 608 ὅοῑε
339 507 496 610 Ῥαββὶ,
537 515 590 594 σὺ
621 507 654 592 el
682 511 706 594 ὃ
738 514 821 610 υἱὸς
847 519 923 596 τοῦ
952 519 1074 618 θεοῦ,
1100 519 1236 606 obrid
1302 505 1303 596 l

207 617 392 714 βασιλεὺς
418 620 492 694 τοῦ
513 617 693 726 Ἰσραήλ,
718 622 810 695 adeo
837 649 913 699 non
936 627 1102 722 repudiat
1125 630 1239 702 Domi·

207 750 298 811 nus,
322 740 366 798 ut
390 741 532 815 regerat
556 731 605 816 (v.
631 727 727 819 52.>:
770 719 866 818 ἀμὴν
899 721 996 820 ἀμὴν
1019 727 1123 828 λέγω
1152 726 1240 825 ὑμῖν,

209 821 354 931 ἅτᾶρτν
393 821 552 922 ὄψεσθε
576 825 661 900 ’τὸν
707 821 876 926 οὐρανὸν
916 826 1137 930 ἀνεῳγότα,
1164 832 1241 907 ναὶ
1302 877 1303 916 l

207 927 301 1015 τοὺς
324 921 515 1024 ἀγγέλους
537 926 610 1003 τοῦ
626 926 722 1003 θεοῦ
747 923 1025 1022 ἀναβαίνοντας
1047 929 1113 1008 καί
1132 955 1242 1006 κατα·
1298 917 1303 1027 l

206 1029 411 1120 βαίνοντας
437 1024 496 1104 ἐπὶ
515 1029 583 1103 τὸν
607 1027 689 1105 υἱὸν
713 1029 786 1104 τοῦ
806 1025 1034 1137 ἀνθρώπου.
1088 1041 1167 1131 Quo
1189 1059 1243 1126 ye-

205 1151 315 1206 nusto
332 1129 504 1224 symbolo
521 1157 542 1202 a
561 1157 629 1204 suo
653 1133 815 1204 adventu
838 1135 884 1205 ad
909 1129 1139 1211 offerendum
1157 1163 1247 1225 mor·¹

205 1234 341 1328 talibus
356 1235 589 1331 evangelium
605 1235 700 1306 coeli
716 1250 826 1331 etque
845 1253 961 1308 terrae
980 1227 1244 1326 commercium,

205 1363 271 1435 per
297 1354 462 1432 tempora
482 1353 565 1408 ante
588 1337 771 1410 Christum
789 1337 853 1410 diu
873 1339 1126 1430 interclusum,
1152 1341 1246 1412 resti·

205 1458 331 1513 tutum
356 1441 465 1535 plene
492 1438 666 1526 declarat,
711 1462 787 1510 non
812 1455 889 1510 uno
920 1457 985 1511 aut
1009 1443 1126 1514 altero
1149 1465 1246 1538 ange·

206 1545 330 1618 lorum
356 1542 584 1628 interventu,
626 1540 691 1638 qui
712 1566 777 1634 per
802 1543 1121 1638 opportunitatem
1143 1546 1246 1618 histo·

204 1645 342 1720 riarum
380 1645 425 1715 de
460 1659 622 1714 extrema
654 1667 759 1738 passo
791 1660 830 1714 et
861 1645 901 1716 in
932 1645 1050 1716 vitem
1081 1665 1244 1728 revocato

205 1747 348 1820 Christo
372 1760 553 1832 narratur,
585 1746 649 1820 sed
675 1745 825 1818 coelesti
850 1747 1032 1834 doctrina,
1057 1750 1124 1820 sed
1148 1773 1248 1846 opere

205 1847 383 1922 divinitus
409 1847 628 1919 demandato
647 1863 694 1920 ,et
716 1845 861 1935 adiuto,
886 1850 949 1920 sed
975 1874 1152 1944 persona,
1177 1859 1246 1922 Nu·

204 1951 299 2026 mini
313 1974 403 2020 cara.
430 1949 642 2046 (Geminum
657 1966 711 2020 est
721 1947 846 2021 Iacobi
862 1951 992 2039 visum,
1016 1977 1092 2048 quo
1118 1955 1184 2026 ille
1199 1979 1248 2026 so·

202 2055 333 2140 latium
350 2051 538 2122 invenerat
560 2051 802 2148 persequendi
826 2053 970 2123 consilii
983 2056 1072 2125 Gen.
1093 2075 1154 2144 23,
1180 2054 1246 2149 ια.)
1302 2139 1303 2146 ἵ

202 2153 367 2230 Amabili
380 2154 540 2251 imagine
567 2154 734 2224 divinum
760 2152 917 2248 digitum
941 2156 984 2226 ad
1011 2181 1058 2243 se,
1087 2157 1248 2254 legatum

204 2260 249 2330 de
265 2257 376 2329 coelis
393 2256 558 2341 missum,
584 2255 687 2326 tendi
709 2253 831 2342 fassus,
855 2256 999 2328 etiamsi
1015 2253 1092 2330 non
1108 2283 1248 2355 persua·
1302 2327 1303 2350 ,

203 2360 308 2434 sisset
343 2355 648 2458 auscultantibus,
689 2381 728 2431 se
762 2382 837 2456 esse
869 2360 1064 2447 Messinm,
1111 2379 1247 2432 tamem

201 2460 425 2538 Messianam
458 2459 714 2564 auctorigatem
740 2458 960 2530 vindicatam
999 2485 1075 2532 esse
1108 2487 1132 2534 a
1163 2469 1249 2550 Iesu,

201 2588 278 2636 non
300 2559 483 2633 dubitabis
509 2562 639 2647 dicere,
665 2561 875 2656 praesertim
896 2587 1012 2657 quum
1027 2579 1143 2636 notus
1156 2569 1249 2638 Mes·

155 2731 158 2738 ,
201 2667 274 2739 siae
300 2664 432 2735 titulus
457 2661 530 2737 τοῦ
561 2657 596 2736 ὑ.
620 2682 654 2735 τ.
679 2655 715 2734 ἆ.
743 2663 788 2732 ad
814 2658 948 2768 aliqm,
988 2652 1107 2764 quatri
1132 2669 1180 2738 ad
1206 2665 1250 2736 di·
1302 2683 1303 2754 l

201 2785 345 2856 centem
372 2765 467 2836 trahi
492 2789 566 2838 non
594 2763 718 2859 possit.
740 2795 790 2817 ⁴-
816 2771 864 2834 Et
891 2766 1017 2837 eadem
1042 2771 1194 2863 pollere
1217 2765 1249 2838 vi

200 2864 352 2942 eandem
378 2865 720 2964 compellationem,
758 2867 1044 2965 quotiescunque
1079 2894 1168 2944 eam
1196 2867 1250 2964 (ci.
1302 2885 1303 2966 l

176 2991 237 3062 -32
270 2985 557 3061 13.14.5,e7.
590 2971 624 3056 ⁶2
660 2985 720 3058 27·
754 2975 894 3056 ὂνόν·
932 2989 967 3057 8,
999 2990 1057 3056 28·
1098 2997 1160 3063 12,
1196 2993 1249 3059 23·
1302 3009 1303 3074 ν

92 3108 96 3112 ’
202 3089 262 3164 ³4
294 3091 351 3160 ¹32
387 3071 945 3171 31·)sibi1esuscoramlegis
972 3073 1121 3167 peritis,
1149 3075 1252 3148 fami·
1302 3145 1303 3156 ,

199 3174 368 3261 liaribus,
411 3174 621 3244 auditorum
648 3173 746 3244 varia
772 3197 905 3244 corona
929 3175 1151 3268 tribuerit‚..
1172 3192 1251 3277 post

186 3293 261 3367 ca,
290 3301 384 3377 quae
408 3299 443 3372 p.
470 3293 711 3359 105-‚1220
739 3273 889 3346 dicenda
917 3277 1162 3372 putabamus,
1203 3278 1251 3351 fas
1302 3309 1303 3368 j

200 3380 307 3454 sitin
335 3377 510 3450 concessis
532 3371 685 3472 ponere!
715 3415 765 3432 -
807 3381 894 3448 Non
927 3395 981 3448 est
1017 3381 1252 3453 manifestior
1302 3383 1303 3446 ζ

88 3553 90 3564 ,
199 3501 359 3568 vorren,
386 3505 496 3578 qnam
519 3505 585 3574 per
611 3480 796 3576 privatum
824 3476 1028 3574 alloquium
1055 3484 1252 3560 Samarita·
1302 3555 1303 3560 ,

169 3572 267 3658 snae
290 3581 448 3654 feminae
473 3583 589 3653 edidit
615 3587 723 3654 lesus.
784 3585 876 3672 (lter
911 3581 950 3651 iu
983 3579 1167 3657 infestam·
1193 3609 1252 3682 po·
1302 3579 1303 3586 ἵ

197 3685 385 3785 puleribus
409 3683 634 3779 provinciam
661 3707 681 3754 a
706 3683 879 3778 magistro
903 3681 1042 3755 factum
1071 3690 1184 3782 quod
1207 3705 1253 3756 te·
1302 3705 1303 3712 ’

199 3806 280 3862 cert
306 3785 530 3873 Matthaeus,
559 3781 716 3858 scribens
743 3781 973 3875 Christianis,
1004 3786 1158 3860 iudaica
1185 3788 1252 3861 fida

198 3892 343 3978 relicta,
377 3885 415 3959 in
441 3891 559 3984 partes
584 3893 667 3957 Iesu
692 3886 939 3986 transgressis,
984 3892 1134 3986 primus
1161 3895 1252 3962 inter
1302 3969 1303 3978 ἵ

100 4013 106 4036 ‘
197 3995 431 4066 Iudaiznntes
463 3992 669 4084 scriptores,
720 3987 785 4059 vix
817 3984 1024 4080 miraberis,
1065 3992 1139 4062 sed
1183 4011 1252 4062 unu

197 4094 308 4168 silent
325 4100 455 4182 Lucas,
481 4114 601 4162 rerum
624 4090 924 4162 Samaritanamm
943 4091 1029 4164 alias
1052 4115 1135 4164 non
1157 4116 1249 4178 osor,

198 4213 237 4270 et
260 4197 432 4287 Marcus.)
492 4199 536 4265 In
562 4193 617 4266 hir
643 4193 863 4266 Palaestinae
892 4194 1056 4292 partibus
1087 4219 1170 4271 nec
1202 4219 1252 4270 sa·
