2608 4996
534 359 648 384 ...-
701 327 779 412 136.
822 355 937 384 ...-

222 511 267 567 ut
285 491 491 568 denotando
517 515 560 567 aa
580 493 774 568 hominnm
795 487 948 590 genera,
970 511 1068 590 qnae
1081 486 1237 567 'societati

221 597 463 670 theocratioae
490 593 654 668 membra
688 595 818 668 idonea
848 594 1055 686 censuisset,
1086 595 1237 666 indolem
1283 669 1284 676 χ

223 698 434 794 disciplinae
463 721 547 771 suas
581 699 689 793 plana
718 699 1036 790 nntipbnriauicom
1065 697 1238 793 perspicue
1283 707 1284 718 ¹

221 801 451 897 graviterque
481 799 685 871 declararet.
733 798 883 872 Talibus
923 797 1021 868 enim
1055 797 1238 869 enuntiatis

221 926 309 974 usus
327 918 401 989 est,
426 924 520 997 quae
534 899 582 972 ob
599 889 841 1004 παραδοξίαν
858 897 1051 972 amabilem
1070 901 1238 970 auditores
1283 921 1284 930 ¹

220 1019 388 1076 tenerent
400 1001 656 1074 attentissimos
677 1017 714 1072 et
738 1000 925 1096 ingentem
946 1000 1023 1072 imo
1045 1001 1238 1072 inauditum

219 1104 316 1177 inter
329 1105 480 1175 Iudaeos
495 1102 634 1200 generis
647 1103 798 1175 humani
811 1103 851 1176 in
861 1102 1144 1176 contemtissirna
1159 1120 1239 1174 sorte
1283 1177 1284 1186 χ

212 1205 413 1278 ‘hominum
431 1227 594 1276 amorem
616 1221 655 1276 et
680 1202 890 1277 comitatem
911 1204 1118 1300 proderent.
1168 1208 1238 1274 Pro

221 1307 331 1380 musa
344 1306 459 1402 igitur
469 1305 525 1378 rei
540 1307 739 1378 Meuianas
758 1305 927 1382 beatitate
946 1304 1019 1394 his,
1042 1307 1107 1402 qui
1123 1327 1240 1404 paupe

190 1435 193 1446 ·
221 1433 278 1482 res
300 1433 407 1480 sensu
426 1409 601 1480 latusimo
631 1407 703 1478 diei
724 1422 999 1493 consueverant,
1024 1407 1160 1478 eodem
1180 1405 1240 1478 fine

221 1510 469 1606 adiunguntur
484 1505 523 1582 oi
545 1507 779 1598 πενθοῦντες.
830 1513 911 1606 Quo
926 1508 1076 1580 nomine
1101 1530 1239 1601 neoego

110 1627 114 1650 ¹
220 1611 411 1706 insignitos
439 1611 600 1705 putarim
628 1612 811 1700 homines,
844 1609 893 1682 ob
922 1627 1153 1706 peecatorum
1173 1633 1240 1680 oon·

203 1712 406 1785 seientiam
423 1711 577 1784 afflictos
591 1710 699 1803 (τοὺς
716 1705 775 1788 ἐπὶ
791 1707 872 1801 τοῖς
894 1707 1150 1814 ἁμαρτήμασι
1172 1733 1240 1784 πει-

220 1811 420 1902 Sotiates„
435 1807 533 1909 οὐχὶ
550 1807 609 1890 int
630 1833 698 1888 ιἰιι
722 1811 801 1888 τῶν
818 1812 1011 1906 βιωτικῶν
1029 1811 1101 1906 *));
1135 1809 1239 1908 requi·

220 1932 316 1990 reret
345 1917 443 1988 enim
468 1916 528 1986 hio
550 1940 674 1988 sensus
702 1917 808 2011 plura
838 1931 875 1988 et
897 1914 1112 1987 dilucidiora
1133 1914 1239 1985 verba.

219 2023 298 2090 Neo
320 2041 469 2112 possum
498 2041 584 2088 cam
605 2017 684 2090 aliis
707 2019 848 2090 luctum
873 2017 1078 2114 intelligere
1104 2031 1240 2112 propter

219 2117 438 2192 calamitates
451 2118 497 2190 ad
513 2142 657 2192 causam
673 2119 891 2191 Messianam
913 2118 1155 2190 adiuvandam
1174 2139 1240 2212 per·

219 2217 535 2314 ferendas(cl.10.
560 2225 626 2310 ιδ,
652 2223 724 2312 ao.)
753 2221 946 2303 obortum3
986 2237 1069 2290 tum
1092 2219 1240 2292 enimet

219 2323 291 2394 hoo
312 2323 423 2396 modo
445 2346 570 2394 manca
598 2322 763 2394 maneret
781 2322 912 2409 oratio,
938 2345 1005 2392 nee
1025 2321 1156 2410 video,
1181 2341 1240 2416 qno

212 2425 299 2520 jore
313 2423 399 2494 talia
412 2421 623 2512 inserantur,
649 2439 730 2496 tum
753 2425 798 2498 de
812 2425 1001 2510 aerumnis,
1027 2423 1239 2496 Messianum

207 2521 271 2596 ·ob
290 2547 424 2610 nomen
449 2525 683 2613 sustinendis,
716 2542 844 2598 mactat
864 2526 1046 2598 Dominus
1067 2550 1103 2596 v.
1133 2549 1178 2597 ιο
1196 2547 1237 2618 sq·

220 2631 339 2723 Quare
353 2625 447 2698 mibi
461 2629 627 2725 quidem,
644 2628 692 2716 *ἢ
711 2629 819 2700 unios
834 2651 964 2700 verum
983 2625 1148 2714 videtur,
1170 2625 1240 2696 bea-

217 2743 277 2800 tos
298 2725 407 2801 fuisse
436 2731 656 2826 praedicatos
685 2725 922 2826 obfuturum
950 2731 1055 2829 regni
1075 2727 1239 2802 Massieni

218 2833 437 2904 consortium
451 2831 517 2930 ⁸⁸²l)
549 2855 662 2932 genus
685 2833 878 2906 hominum
899 2833 1171 2915 contristatum,
1197 2827 1240 2895 di·

219 2953 324 3006 verso
348 2955 478 3028 genere
502 2937 685 3006 malorum
707 2934 900 3030 agitatum,
933 2931 1074 3004 attalia
1098 2929 1238 3002 edidisse

220 3032 423 3120 Christum,
456 3037 516 3106 vel
540 3037 639 3130 quod
669 3034 801 3106 similia
821 3029 1030 3128 viderentur
1056 3031 1239 3128 perscripta

219 3131 266 3202 de
290 3133 501 3230 sospitatore
525 3111 746 3244 (ῦῒῌξζζῆξ
764 3119 870 3208 nuit
893 3141 959 3209 Ies.
978 3141 1038 3226 δι,
1064 3137 1169 3224 e.†)),
1190 3128 1238 3200 vel

221 3263 425 3290 q-n-u--n

236 3313 268 3390 ἢ
287 3315 334 3376 Ita
350 3317 601 3392 cannensem,
619 3318 897 3392 Tarosnrnnorus,
916 3315 1106 3378 Kornourus
1120 3317 1238 3399 aliique.

234 3387 286 3467 *ἢ
307 3391 388 3450 Cum
406 3393 611 3468 Wsrarsnro,
632 3395 758 3466 Prono,
778 3395 959 3454 Farrzscruo
980 3407 1013 3454 et
1032 3391 1112 3454 aliis.
1146 3453 1149 3459 ,

227 3471 308 3552 W)
328 3475 547 3556 Synonymam
574 3481 660 3537 enirn
686 3497 756 3538 ease
775 3483 838 3538 vim
865 3474 1057 3566 formulam,
1081 3461 1134 3533 ὅτι
1157 3459 1240 3534 abrai

228 3606 233 3614 .
293 3549 612 3638 παρακληθήσονται
646 3579 719 3620 cum
755 3557 902 3620 anteced.
940 3546 993 3617 ὅτι
1020 3551 1132 3616 evado
1165 3552 1238 3618 ἐστιν

294 3627 477 3717 ἣβασιλεία
492 3635 559 3700 τῶν
573 3625 720 3725 οὐρανῶν
738 3644 892 3724 idemque
903 3642 1010 3704 valera
1028 3641 1070 3708 de
1089 3663 1181 3724 seqq.
1198 3661 1238 3700 ns·

294 3735 360 3790 que
386 3717 427 3776 ad
454 3737 482 3778 v.
512 3739 557 3782 ιο.
586 3739 680 3794 vere,
714 3734 752 3780 ut
786 3719 939 3794 diximus,
973 3721 1132 3778 monitum
1158 3732 1237 3780 esta

275 3791 537 3854 ‘Firraaoriro'rd
554 3792 586 3855 h.
605 3795 630 3857 l:
753 3793 774 3808 ''

235 3869 263 3948 τ)
281 3867 365 3927 Nam
389 3865 450 3929 les.
475 3877 529 3944 57,
553 3879 597 3942 ιθ.
622 3870 664 3931 ad
696 3889 794 3951 quarn
819 3870 843 3934 1.
866 3884 1023 3951 provocat
1045 3868 1235 3934 Kurrosuruo

223 3983 226 3992 ι
290 3958 381 4004 recte
395 3949 575 4027 -caatigatus
596 3964 614 4006 a
633 3947 834 4020 rannone,
884 3947 961 4006 lane
988 3945 1111 4005 alienus
1140 3959 1186 4004 est
1202 3939 1235 4001 ob

292 4017 450 4089 diversam
467 4019 627 4095 indolere,
647 4036 679 4082 et
692 4022 785 4082 nullo
799 3965 899 4082 modo
916 4035 1046 4100 poterat
1063 4019 1137 4080 lesu
1150 4018 1236 4078 rnenti

245 4137 250 4146 .
290 4092 465 4156 obversari.
504 4096 647 4157 Omnino
673 4101 708 4156 in
734 4096 852 4158 talibus
874 4093 1109 4159 modusdebet
1134 4093 1234 4162 teneri,
1278 4163 1280 4168 Ι

205 4205 208 4212 ‚
287 4186 335 4228 -ue
354 4173 390 4230 iu
408 4175 545 4252 ineptiae
563 4172 774 4234 incidamus..
812 4230 816 4238 .
871 4213 881 4235 -.
