2734 4998
536 385 651 410 ⁸¹·-
702 367 951 424 tur-

210 513 580 606 existimatoribus
615 545 710 600 non
733 513 972 602 obscurum
1000 513 1118 623 fore',
1151 546 1179 603 e
1200 543 1265 603 se-

212 661 321 720 vero
341 635 519 718 Ioannis
544 651 592 716 et
609 634 904 748 interpretum
920 661 1103 718 suorum
1117 631 1264 718 studio

212 747 331 834 hanc
365 750 710 863 perpetuitatem
747 743 922 848 dicendi
959 767 1123 836 natam.
1193 749 1262 830 Eo

213 882 364 946 autern
398 863 534 972 magis
568 859 856 944 abstinuimus
890 857 1028 945 ubere
1067 889 1262 964 excursu,

213 973 338 1088 quod
361 973 417 1058 de
441 973 582 1086 figura
606 994 738 1086 atque
754 976 942 1086 imagine
955 977 1136 1058 Ioannei
1152 977 1263 1084 Syn·
1361 987 1362 1052 ἶ

213 1091 439 1209 opticique
465 1089 628 1174 Christi
657 1089 758 1172 alias
784 1086 881 1171 fuse
907 1075 1049 1173 dicere
1067 1089 1264 1174 decrevi·
1361 1111 1362 1142 ³

208 1233 324 1310 mus.
357 1199 684 1289 -·A11'1bitum
716 1230 810 1284 non
846 1201 1123 1314 castigabrmt
1152 1201 1265 1286 iudi·

110 1379 112 1384 -
207 1347 308 1424 ees,
325 1319 386 1400 in
407 1319 522 1400 tanti
547 1318 794 1428 argumenti
818 1344 865 1399 re
922 1315 1020 1400 lene
1045 1315 1277 1413 illustrant

205 1432 290 1536 da,
318 1428 362 1539 ⁸)
389 1441 437 1514 et
460 1433 679 1544 patienter
702 1429 847 1514 ferant
915 1433 955 1532 ·i‚
980 1433 1058 1542 qui
1081 1460 1175 1514 non
1191 1459 1264 1514 co·

273 1565 392 1648 ntur,
409 1543 485 1628 sed
503 1548 749 1628 invitantur
764 1542 819 1626 ad
834 1543 1079 1630 lectionem.
1109 1543 1264 1656 Solent

203 1575 272 1745 {hl
298 1690 351 1742 eo
379 1662 500 1762 varia
520 1657 680 1742 iudicia
706 1685 808 1742 esse.
876 1691 881 1700 ¹
1093 1709 1098 1720 ·
1184 1694 1189 1703 ·
1361 1663 1362 1706 *

296 1775 362 1858 In'
378 1772 541 1856 horum
576 1777 837 1860 tractatione
878 1767 1094 1854 librorum
1132 1800 1262 1886 saepe

201 1884 339 1972 hobis
365 1887 565 1988 obvenit,
583 1886 727 1997 (quod
752 1913 921 1999 nupere
945 1889 993 1968 in
1009 1915 1138 1969 causa
1154 1887 1262 1967 Pen-
1361 1909 1362 1912 ‘

210 1995 397 2085 tatcuchi
414 2005 519 2088 scite
543 2001 813 2112 intellectum
839 2001 927 2106 est)
957 1997 1187 2084 desiderari
1204 1997 1260 2082 ab
1361 2005 1362 2014 '

209 2118 452 2230 interprete
496 2113 657 2198 biblico
701 2117 955 2198 inten'orem
993 2110 1259 2222 historiogra-

200 2226 335 2344 ΙρΙιίαε
363 2225 592 2311 Orientalis
617 2227 912 2338 cognitionem
936 2244 982 2310 et
1008 2219 1261 2338 descriptio<
1361 2261 1362 2332 p

198 2373 324 2444 mem,
341 2341 500 2453 quibus
516 2340 770 2424 adhibendis
789 2341 983 2424 divinare
999 2340 1101 2424 licet
1117 2343 1259 2426 Evan·
1361 2371 1362 2384 ¹

198 2459 330 2568 ·geliis
355 2457 571 2538 canonicis
599 2457 764 2551 ¹nostn's
795 2453 985 2536 multum
1015 2454 1123 2538 lucis
1160 2453 1258 2534 alla·

199 2589 308 2654 tum
344 2571 410 2652 iri.
482 2568 699 2653 Uberiore
744 2568 1026 2651 historiarum
1061 2570 1264 2654 On'enta-
1361 2565 1362 2638 ἶ

208 2683 319 2767 lium
337 2687 413 2792 (ut
429 2685 698 2766 Parsicarum
716 2682 792 2790 al.)
810 2684 989 2766 scientia
1007 2681 1153 2765 critica
1170 2709 1257 2764 cre·
1361 2683 1362 2690 ‘

85 2853 89 2864 .
208 2791 342 2883 dibile
369 2797 543 2880 esthon
568 2794 809 2899 commodi,
837 2798 918 2878 etsi
941 2789 1110 2907 futuris
1134 2793 1257 2878 forsi·
1361 2825 1362 2908 3

209 2931 290 2995 tan
315 2905 481 3013 seculis,
513 2909 567 2994 ad
599 2911 862 3021 theologiam
884 2908 1172 2994 Christianam
1190 2939 1257 2990 ex·
1361 2925 1362 2932 '

210 3027 420 3140 egeticam
447 3044 776 3143 perventurum,
831 3025 928 3105 Pari
955 3020 1164 3118 desiderio
1191 3052 1257 3105 ex·
1361 3045 1362 3062 ¹

142 3241 145 3250 Ι
190 3137 401 3252 ‘petenda
427 3159 494 3222 est
515 3137 660 3218 critica
684 3137 739 3219 ad
771 3135 902 3218 libros
932 3134 1254 3240 diversissimos,
1361 3177 1362 3212 ³

208 3252 458 3354 hebraicos,
497 3251 710 3354 iudaicos,
748 3249 994 3332 rabbinicos
1038 3244 1258 3332 Christolo·

118 3439 128 3460 ,.
208 3366 305 3476 gine
335 3362 573 3477 descriptio,
609 3362 667 3445 ob
694 3367 923 3476 penuriam
948 3363 1020 3445 vel
1044 3363 1256 3447 turbatio·

207 3507 312 3564 nem
336 3475 528 3561 fontium
550 3480 716 3587 magnis
743 3475 1073 3560 difficultatibus
1099 3476 1253 3562 obsita.
1361 3483 1362 3560 ἰ

291 3593 548 3678 Orationem
570 3592 753 3679 latinam
779 3591 834 3676 ad
856 3593 1099 3696 Ciceronis,
1126 3592 1253 3695 Livii,
1341 3599 1362 3668 ‘t

195 3751 198 3758 ·
227 3765 231 3772 ,
342 3755 345 3764 ι

245 3893 284 3972 *3
311 3895 447 3974 Saepius
480 3896 566 3958 enim
591 3898 679 3960 inter
702 3895 912 3961 scribendum
936 3880 1065 3956 rne'mor
1088 3890 1137 3952 ini
1166 3891 1254 3952 vocis
1361 3917 1362 3926 ¹

284 3969 418 4032 [ilustris
441 3970 528 4032 Viri:
562 3978 618 4046 „ii
636 3989 763 4035 tantum
786 3975 888 4037 literis
907 3993 988 4032 vere
1003 3981 1162 4048 prosunt,
1196 3969 1254 4043 qui
1361 3973 1362 4020 t

263 4046 355 4126 [mon
380 4060 457 4106 ente
483 4043 659 4122 desistunt,
717 4071 791 4110 uam
822 4053 953 4127 penitus
983 4059 1252 4123 unamquamque

282 4141 352 4184 rem
368 4119 548 4184 eihausisse
562 4145 597 4184 se
617 4071 838 4212 inteldigantf‘
857 4123 1042 4199 (Hastam.
1056 4116 1106 4179 'de
1126 4111 1255 4180 emend.
1361 4167 1362 4174 ,

225 4197 620 4286 (mfflfflm)
863 4229 865 4233 s
