2576 4994
513 354 922 441 ...Q-2502·-

193 521 369 622 piscentia
394 521 630 624 gaudendum
655 542 733 597 non
763 539 909 598 tantum
935 521 1141 614 reducenti,
1175 524 1222 596 sed

193 649 310 724 aeque
335 627 409 715 bis,
443 625 508 722 qui
531 624 577 697 iis
601 643 688 697 sunt
711 628 893 724 proximi:
919 631 1003 708 Iesu
1028 651 1104 727 non
1129 625 1210 724 mag'

193 751 306 824 quam
331 724 546 800 Pharisaeis!
606 728 715 824 Quod
752 729 927 801 decorum
961 747 1017 802 est
1049 745 1088 800 et
1120 751 1224 800 eamn

156 921 160 928 Ι
191 829 408 921 coelitibus,
448 829 503 902 rei
537 829 741 902 Messianae
774 829 996 903 administris
1030 847 1069 903 et
1094 828 1225 902 fautori·

171 927 278 1021 bus,
320 953 412 1004 num
444 931 595 1029 indigne
625 929 746 1004 ferent
779 933 991 1022 terricolae,
1030 933 1225 1029 etquidem

189 1029 478 1135 populares-ib)
528 1041 577 1105 At
597 1031 697 1106 idem
720 1046 985 1132 argumentum
1000 1035 1117 1106 acrius
1137 1048 1226 1132 urget

188 1141 369 1216 Servatur.
436 1141 539 1207 Nam·
567 1135 716 1232 gemina
754 1137 959 1210 similitudo
992 1139 1038 1208 de
1072 1138 1226 1208 drachma

189 1239 317 1312 amissa
343 1259 563 1333 rursumque
587 1237 758 1328 inventa,
789 1238 869 1311 imo
895 1239 1035 1312 auctior
1067 1237 1225 1336 gradatio,

189 1341 292 1437 quod
317 1355 374 1412 rea
400 1338 540 1435 perdita
566 1339 699 1437 exigua
725 1357 781 1412 ast
805 1357 981 1412 ettamen
1006 1359 1141 1440 magna
1156 1361 1225 1409 cura

138 1481 142 1492 ·
188 1442 268 1514 eius
285 1441 559 1540 recuperandae,
576 1442 622 1512 de
635 1459 844 1538 recuperata
858 1465 1035 1538 magnum
1053 1443 1226 1540 gaudium,

85 1538 88 1546 ’
143 1569 257 1634 ,ιιεο
280 1544 403 1616 minus
429 1543 526 1630 elus,
559 1543 627 1640 qui
651 1544 901 1640 recuperavit,
927 1553 1039 1642 quarn
1065 1545 1224 1617 aliorum.

189 1645 352 1736 „Iustior
371 1643 487 1744 igitur
510 1661 648 1742 quanto
669 1662 708 1717 et
731 1648 867 1737 maior,
904 1647 1061 1742 quaein
1090 1647 1225 1718 homine

60 1735 63 1754 '
185 1749 332 1844 perdito
359 1747 587 1822 emendando
610 1749 858 1837 consumitur,
896 1766 1000 1834 curae
1033 1768 1172 1844 quanto
1195 1748 1225 1818 in

186 1850 383 1922 emendato
398 1849 517 1922 maior
530 1847 677 1938 laetitia,
695 1851 870 1924 coelitum
883 1850 994 1923 etiarn
1009 1848 1225 1940 laetitia.“”)

169 1956 173 1970 “
239 1971 240 1979 ’
262 1951 361 2024 Huic
385 1951 587 2026 sententiaa
608 1953 841 2050 dignissimae
855 1953 1094 2026 illustrandae
1115 1977 1226 2024 cumn·

184 2053 267 2126 lum
293 2054 394 2126 addit
409 2052 579 2151 parabola
605 2053 651 2128 de
677 2053 758 2127 filio
780 2055 938 2152 perdito,
962 2081 1057 2152 quae
1072 2055 1225 2128 animun

185 2155 313 2254 prodit
337 2157 428 2227 adeo
454 2173 642 2247 tenerum,
665 2156 862 2230 anemoria
887 2153 1047 2230 aliorum
1071 2156 1225 2254 plenissi-

184 2253 310 2344 mam,
338 2256 471 2354 *salutis
496 2257 635 2330 alienae
660 2259 1021 2357 appetentissimum,
1060 2277 1163 2333 tanta
1181 2259 1225 2330 ui-

185 2375 241 2432 tet
272 2358 508 2456 simplicitate
540 2375 580 2430 et
613 2360 872 2456 psychologica
904 2361 1076 2449 veritate,
1123 2379 1167 2434 ut
1193 2361 1224 2432 in

140 2479 146 2490 ’
185 2459 450 2534 consummatis
476 2461 705 2558 antiquitatis
739 2461 999 2535 collationibus
1025 2465 1154 2538 haberi
1175 2465 1224 2536 de·

184 2561 289 2636 beat:
331 2585 486 2660 quarum
509 2563 803 2643 convenientiam
828 2565 906 2661 i'psa
929 2565 1037 2637 docet
1062 2567 1224 2664 magistra

183 2665 280 2740 vita:
307 2689 447 2764 quaeve
467 2663 606 2737 idcirco
628 2665 806 2738 omnibus
832 2666 1029 2740 bominum
1054 2669 1223 2742 aetatibus

116 2796 121 2822 ι
186 2767 305 2840 dietae
330 2783 426 2840 sunt
484 2767 626 2838 Habuit
654 2771 770 2842 homo
793 2768 886 2840 duos
911 2767 1034 2855 filios3
1075 2795 1223 2872 quorum

131 2929 132 2932 ,
182 2871 307 2945 minor
330 2887 419 2942 natu
452 2871 663 2964 postulata
698 2887 799 2994 patre
823 2886 965 2966 partem
999 2871 1071 2944 sibi
1101 2899 1224 2947 conve·

181 2973 346 3044 aientem
366 2971 579 3067 patrimonii
603 2971 668 3065 (τὸ
694 2969 906 3064 cassidibus
926 2971 1044 3079 μέρος
1072 2974 1141 3064 τῆς
1166 2970 1222 3048 οὐ·

182 3073 299 3166 σίας).
352 3081 434 3170 Quo
460 3071 562 3156 iuret
604 3100 680 3147 non
711 3073 928 3173 apponitur,
971 3101 1038 3148 nec
1062 3077 1222 3149 subtilius

180 3172 412 3272 inquisivisse
434 3173 596 3248 interest.
617 3175 697 3275 m).
744 3178 843 3260 Fuit,
856 3176 1018 3252 bominis
1042 3203 1113 3276 per
1134 3181 1223 3254 iure·

217 3301 228 3338 s
1101 3303 1105 3316 .

220 3469 259 3550 ⁴¹)
278 3472 383 3536 Recte
406 3473 490 3536 'dixit
514 3473 654 3562 vaona„
663 3473 688 3539 1.
700 3549 702 3556 ¹
715 3495 743 3540 c.
769 3438 1002 3558 probationem
1021 3478 1220 3563 eparchio·

255 3551 335 3630 gisa
357 3554 563 3634 experientia
582 3569 682 3634 atque
697 3575 761 3636 per
777 3551 1028 3636 gradationem·

201 3637 256 3715 Μ’)
276 3639 384 3706 Verba
405 3643 476 3706 iere
494 3644 621 3708 Unctus
640 3643 663 3706 l.
683 3665 711 3706 c.
733 3651 797 3725 ¹4&

179 3729 254 3813 Μ)
275 3731 455 3814 Quomodo
476 3757 515 3798 co
538 3735 672 3798 itandte
696 3741 762 3800 sint
785 3742 929 3802 rationes
949 3736 1161 3806 hereditarias
1178 3741 1219 3801 in·

257 3822 308 3870 ter
324 3817 494 3894 utriusque
513 3757 572 3876 itti
591 3816 761 3895 portiones
781 3830 882 3895 atque
899 3836 996 3896 opem
1017 3838 1036 3878 a
1056 3815 1217 3898 patre'sibi

207 3946 210 3957 ,
255 3903 451 3950 reservatam
470 3894 558 3950 varie
577 3895 757 3972 quaesitum
777 3891 1038 3974 explicatamque
1052 3908 1110 3954 est.
1147 3894 1217 3954 Sim·

253 3960 462 4042 plicissimum
492 3962 556 4025 boc
585 3975 643 4026 est.
692 3965 885 4046 Distribuit,
919 3981 1059 4050 rogante
1084 3973 1214 4035 iuniore,

257 4038 398 4116 aliquant
423 4053 549 4120 partam
576 4059 678 4116 opum
704 4046 792 4102 inter
817 4058 993 4124 utrumque
1012 4041 1148 4128 (διεῖλεν
1168 4039 1214 4106 ad·

259 4119 327 4202 τοῖς
349 4121 408 4189 τὸν
429 4121 534 4202 βίον).
581 4122 653 4184 Hae
681 4125 789 4186 utrum
817 4125 1000 4204 frumento,
1034 4125 1214 4212 pecudibus,

254 4223 292 4264 re
311 4209 484 4282 pecuaria,
503 4205 724 4288 suppellectili
743 4221 806 4270 eet.
827 4213 1045 4284 constiterint.
1065 4231 1107 4274 an
1127 4227 1213 4304 pecu·
