2608 4996
534 425 655 444 ...-
716 405 765 482 93
807 383 947 468 1τ’,ω---ψ

50 562 52 573 '
101 651 105 656 ⁵
222 561 325 636 tione
340 557 416 657 egit
430 555 626 636 Dominus.
663 559 767 656 Quae
784 546 1096 654 euplimtio'ultro
1114 583 1190 632 sese
1204 557 1253 634 of·

216 663 317 739 feret
350 660 536 734 subtiliori
558 659 746 732 'historiae
778 661 1010 759 evangelicae
1045 663 1252 758 indagaturi.

221 769 451 840 Messianum
466 763 566 834 enim
580 765 805 851 institutum,
821 765 920 860 quod
929 781 968 834 et
979 765 1016 836 h.
1032 765 1058 836 1.
1073 765 1253 862 designare

219 865 422 959 euaristus
440 863 520 938 teitu
541 858 723 967 obpuutiitt'
741 861 852 938 facile
865 865 1086 964 intelligitur
1100 866 1150 956 *),
1175 869 1254 938 licet

211 967 445 1065 'inplnrimis
468 981 507 1038 et
521 965 737 1038 clarissimis
760 966 1036 1064 evangeliorum
1054 969 1146 1041 Iocis
1164 968 1253 1040 elica·

219 1090 282 1143 tur
305 1065 442 1169 futuro
471 1085 634 1162 tempore·
663 1074 770 1163 (post
794 1069 1138 1164 Hierosolymemm
1168 1070 1254 1142 exci-

217 1173 345 1261 dium)
371 1169 730 1266 condendumidque
751 1173 895 1243 solenni
918 1173 1202 1269 inauguratione
1223 1187 1255 1243 et

220 1275 416 1370 splendore
438 1295 524 1342 cnm
548 1273 737 1344 maiestate
762 1275 977 1364 coniuncto,
1011 1274 1051 1346 in
1075 1273 1158 1348 aliis
1183 1273 1256 1372 qui·

219 1379 306 1448 dem
321 1375 440 1470 iisqne
455 1373 692 1468 paucioribus
711 1377 844 1466 (Mtth.
868 1401 933 1465 12,
963 1395 1024 1462 23.
1051 1401 1082 1448 c.
1108 1399 1168 1464 13.
1194 1392 1253 1448 tot.

77 1501 80 1506 ·
102 1549 103 1554 ,
156 1473 159 1482 ’
220 1473 412 1570 ὡμοιώθη
427 1491 495 1547 etc.
521 1481 680 1563 Lucu,
693 1500 751 1550 no.
771 1501 896 1570 t7‚so;
910 1503 968 1549 οι.
985 1479 1115 1574 dequo
1124 1496 1255 1573 postte

219 1603 284 1652 nto
300 1581 385 1650 loco
403 1603 440 1648 v.
457 1578 540 1650 diss.
557 1595 670 1649 nostr.
684 1578 725 1648 in
742 1581 1078 1653 Ven.W1u1en11.:
1103 1586 1254 1681 Exeget.

34 1711 38 1718 ·
137 1718 141 1727 ·
218 1684 323 1757 titud.
332 1686 375 1750 T.
385 1684 413 1750 1.
422 1705 458 1778 p.
473 1681 696 1774 159-172.)
711 1681 763 1752 ita
770 1682 1020 1772 adumbratur,
1036 1700 1079 1752 ut
1092 1683 1256 1754 videatur

221 1789 299 1856 iam
313 1804 484 1878 praesens
500 1783 633 1880 adesse.
685 1785 792 1879 Quod
808 1785 960 1879 quidem
980 1809 1046 1878 per
1059 1781 1255 1890 πρόληψιν

219 1888 371 1957 dictum.
421 1885 544 1985 Regni
574 1883 674 1955 enim
700 1886 818 1957 divini
846 1879 951 1957 initia
974 1886 1069 1957 facta
1094 1905 1185 1958 sunt
1205 1892 1256 1978 (ex

218 1990 297 2084 ipsa
312 1986 446 2058 Christi
463 1985 640 2076 doctrina)
663 1987 759 2075 eius,
787 1987 854 2083 qui
873 1989 977 2058 illud.
989 2009 1146 2083 regnum
1162 1986 1256 2060 insti·

113 2129 116 2136 ·
216 2097 366 2162 tuturus
383 2105 454 2175 est,
476 2087 514 2156 in
537 2089 602 2158 bes
620 2106 730 2158 terras
746 2089 907 2160 adventu
928 2107 966 2162 et
980 2089 1077 2162 inter
1093 2085 1256 2162 homines

207 2190 436 2290 praesentia,
464 2189 630 2260 doctrina
649 2190 696 2261 de
717 2191 962 2286 poenitentia,
987 2215 1099 2289 quem
1124 2194 1255 2287 etipse

216 2293 446 2392 proponebat
469 2292 648 2374 ChristuS,
681 2308 719 2363 et
753 2317 838 2364 suos
868 2319 1075 2392 proponere
1097 2293 1255 2380 iubebat,

214 2393 444 2479 cultoribus,
478 2391 543 2487 qui
576 2391 664 2462 huic
704 2391 889 2466 doctrinae
920 2396 1190 2493 obsequantur,
1221 2395 1255 2464 in

217 2519 335 2568 unum
353 2511 498 2566 coetum
516 2493 688 2588 cogendis
711 2499 907 2588 (severiore
931 2515 1053 2572 tamen
1074 2497 1255 2570 bonorum

160 2609 166 2640 ¹
217 2600 264 2671 ab
283 2595 463 2692 improbis
487 2595 687 2668 secretione
702 2597 742 2667 in
763 2615 908 2694 tempus
931 2599 1091 2672 solennis
1107 2599 1255 2697 inaugu-

218 2701 368 2772 rationis
386 2698 529 2788 dilata),
555 2697 632 2792 ipsa
653 2716 829 2796 perpetue
854 2699 1082 2794 professione
1108 2719 1148 2774 et
1173 2726 1256 2774 asse·

118 2839 121 2846 ·
216 2804 406 2874 vetatione
428 2823 513 2870 cum
541 2800 693 2891 Christi,
721 2818 804 2874 tum
828 2805 1101 2896 apostolorum,
1125 2805 1256 2876 instare

216 2906 325 2976 buius
341 2902 444 2996 regni
459 2899 731 2975 institutionem
744 2920 782 2974 et
798 2904 983 2976 miraculis
997 2906 1083 2976 huic
1101 2903 1256 2979 orationi

82 3060 84 3064 .
213 3006 405 3080 adiunctis.
463 3002 519 3075 Cf.
554 3006 681 3076 Mtth..
705 3021 750 3095 4,
779 3025 836 3092 23.
886 3011 975 3079 Luc.
1008 3031 1051 3101 9,
1081 3032 1112 3079 s.
1128 3015 1175 3082 ·6.
1203 3031 1253 3077 11.

99 3107 101 3110 ’
214 3114 292 3181 Μο.
318 3127 438 3197 1‚39.
462 3104 533 3162 ·-’
564 3103 620 3177 Cf.
646 3113 748 3180 ΚΕΗ,
774 3107 800 3177 l.
827 3129 857 3179 c.
883 3135 920 3204 p.
938 3125 998 3199 74.
1016 3130 1076 3199 75.
1096 3127 1159 3196 33.
1195 3105 1252 3179 XI.

20 3211 26 3228 “
209 3231 253 3284 et
277 3213 444 3304 inprimis
465 3211 598 3278 XVIII.
627 3233 682 3305 sq.
741 3215 874 3281 Nostra
902 3235 979 3281 vox
1008 3211 1254 3284 enecesseriis

215 3332 427 3406 temporum
470 3329 728 3405 connexaeque
766 3311 941 3384 orationis
975 3313 1180 3386 rationibus
1212 3313 1254 3384 ad

212 3417 389 3514 posterius
406 3437 519 3510 genus
532 3415 702 3484 locorum
718 3409 908 3486 referenda
922 3413 981 3506 “i
997 3451 1049 3472 -
1138 3437 1139 3444 ¹

145 3563 155 3576 ⁶
214 3575 421 3602 Μ

231 3676 447 3760 *ambigna
477 3686 555 3737 sunt
588 3663 623 3736 ³et
656 3673 815 3751 obscure,
856 3675 976 3758 'quibus
1009 3675 1252 3740 Cnnrsosrouos

290 3757 426 3832 eiusque
440 3752 655 3846 pedissequus
673 3753 942 3814 Terornmcuus
962 3753 1010 3846 (igr
1030 3752 1127 3816 Mttb.
1145 3753 1205 3814 xl.
1222 3769 1252 3815 et

203 3857 205 3866 ⁴
286 3833 366 3894 Luc.
390 3833 471 3913 Vll.)
500 3827 589 3916 ἔντη
607 3826 767 3916 βασιλείᾳ
782 3827 851 3894 τῶν
868 3825 1016 3916 stipatum
1035 3840 1253 3933 interpretan-

84 3946 91 3978 t
285 3927 359 3989 tur,
379 3916 502 3978 verbst'
535 3910 573 3976 ir
601 3913 690 3994 soit
719 3912 1036 3998 πνευματικοῖς
1064 3935 1137 3980 και
1163 3911 1250 3990 τοῖς

286 3993 396 4057 κατὰ
418 3989 883 4086 τόνοῦρανὸνᾶπασιν.
1160 4047 1164 4054 -
1220 3999 1231 4012 ’

119 4147 123 4156 ¹
155 4135 160 4146 ,
229 4077 283 4159 I‘⁴7
303 4079 402 4144 Teste
421 4083 557 4145 Surerno
572 4085 594 4149 l.
614 4103 642 4146 c.
661 4075 862 4166 antiquiores
882 4085 1066 4168 complures
1085 4075 1149 4166 per
1162 4075 1202 4159 β.
1221 4097 1249 4141 τ.

191 4210 193 4214 .
258 4178 314 4222 ὀ.
335 4157 681 4248 τὴνδεσποτικὴν
699 4159 771 4226 καὶ
789 4162 995 4250 δευτέραν
1015 4162 1249 4250 παρουσίαν

255 4269 258 4274 ·
285 4243 383 4318 innui
407 4246 608 4321 exiitimant,
639 4261 704 4326 qut
726 4243 869 4338 Christus
894 4245 1186 4308 indictvonninm
1205 4255 1249 4304 et·
