2608 4996
533 383 939 470 ...m-156...-

186 691 188 703 ·
218 652 535 730 adumbrationem
552 651 802 736 exhibeant.

294 757 686 844 Primuthtb.13,
700 782 821 850 r-9.
846 760 923 828 Mc.
941 769 984 845 4,
1014 761 1235 850 1-90Luc.

219 881 261 948 3,
288 873 415 948 4-8.
446 857 642 928 collatione
664 857 709 928 de
729 857 867 930 semine
890 859 930 928 in
947 879 1051 952 agros
1074 877 1236 932 enatura

123 1013 126 1020 »
167 959 169 966 ’
215 965 286 1038 soli
303 961 573 1032 Palaestinensis
589 960 707 1028 variae
723 959 856 1030 indolis
872 985 947 1051 non
966 959 1097 1036 eodem
1113 979 1236 1032 eventu

215 1086 336 1157 sparso
362 1059 533 1140 describit
554 1061 738 1134 doctrinae
758 1086 778 1132 a
795 1085 833 1132 se
853 1061 1059 1155 propositae
1081 1063 1176 1156 inter
1188 1087 1237 1134 va·

215 1165 269 1237 ria
292 1163 486 1236 hominum
508 1183 637 1256 genera
659 1179 794 1234 sortem
810 1164 975 1234 ,variam-
1014 1169 1059 1234 Ιιι
1082 1163 1150 1236 bac
1165 1189 1236 1255 ,ora-

214 1265 317 1338 tione
340 1287 459 1358 neque
475 1287 584 1334 nsum
600 1263 697 1335 ritae
720 1266 899 1352 multum,
923 1289 1045 1360 neque
1067 1275 1237 1340 verumet

214 1367 268 1440 rei
282 1382 431 1438 naturae
447 1389 621 1460 perquam
641 1375 920 1440 consentaneum
939 1367 1136 1464 augurium
1160 1367 1237 1450 desi·

213 1467 363 1542 derabis.
393 1473 622 1540 Deuotantur
639 1468 935 1542 haecbominum
950 1491 1090 1564 genera.
1124 1471 1239 1542 Primo

212 1573 296 1642 loco
312 1569 487 1664 praesagit
502 1568 572 1640 sibi
585 1569 954 1664 auditorespessimae
969 1569 1104 1668 frugis,
1119 1573 1170 1650 ,in
1187 1573 1238 1642 de·

212 1671 369 1744 terrimis
391 1673 468 1742 toti=
482 1670 978 1766 habitantesnupiditetibus,
1010 1679 1164 1748 Satanae.
1181 1675 1237 1746 im·

212 1775 316 1872 perio
332 1773 506 1846 subditos.
556 1772 619 1859 Hi,
645 1797 729 1844 nee
745 1797 812 1846 sua
830 1789 1007 1870 potestate
1022 1795 1164 1866 exeant,
1187 1801 1237 1847 cu·

210 1875 313 1954 rabit¹
320 1872 507 1950 Diabolus.
559 1879 765 1994 Sequuntur
787 1875 971 1966 homines,
997 1901 1072 1956 uon
1092 1877 1237 1951 omnino

152 1975 155 1982 “
210 1971 319 2066 mali,
343 1995 489 2073 promto
505 1976 627 2048 animo
643 1969 855 2072 recipientes
872 1975 1094 2066 doctrinam,
1111 1999 1150 2052 at
1165 1976 1237 2052 fun·

211 2069 301 2152 dum
310 2077 414 2167 boni
444 2103 518 2150 non
547 2077 735 2166 babentes,
767 2077 891 2174 aliquo
921 2077 998 2151 veri
1028 2033 1236 2176 honestique

210 2177 317 2266 ssensn
331 2179 514 2270 instructi,
539 2206 649 2277 quem
669 2198 792 2266 tamen
816 2197 859 2253 ut
883 2197 982 2254 certo
1000 2180 1139 2256 iudicio
1154 2185 1236 2258 vita·

211 2309 282 2390 que
302 2283 440 2372 iudicio
467 2301 703 2354 consentanea
728 2277 982 2369 corroborent,
1016 2277 1148 2360 adduci
1169 2309 1236 2356 non

209 2401 369 2492 possunt.
421 2384 487 2455 His
503 2383 652 2501 finitimi
668 2401 751 2454 sunt
772 2385 937 2460 homines
954 2400 1076 2464 rerum
1092 2387 1236 2458 munda·

235 2511 339 2558 arum
360 2483 481 2562 studio
500 2479 626 2581 capti,
634 2485 711 2578 imo
728 2478 886 2582 abrepti,
910 2477 1065 2582 ideoque
1079 2488 1236 2562 coelesti·

207 2513 292 2658 bus
301 2572 476 2682 negotiis,
510 2612 601 2684 quae
622 2587 685 2658 vix
707 2586 834 2681 primis
860 2612 961 2684 quasi
951 2587 1094 2662 labris
1115 2591 1235 2688 attige-

206 2705 313 2776 runt,
338 2687 526 2774 inhabiles.
562 2690 730 2790 Denique
745 2707 993 2760 memorantur
1011 2686 1138 2764 ¹natura
1156 2691 1236 2764 boni

207 2809 245 2862 et
266 2785 382 2862 bonae
403 2791 537 2862 indolis
569 2791 752 2889 augendae
782 2784 1050 2886 firmandaequ'e
1079 2794 1235 2866 sinceris·

205 2895 307 2966 simo
326 2892 464 2963 studio
474 2891 702 2987 flagrantes,
716 2891 855 2963 fructus
892 2910 928 2963 et
959 2893 1175 2968 laetissimos
1203 2911 1235 2966 et

204 2993 409 3066 uberrimos
426 3011 616 3088 perceptae
640 2995 823 3064 doctrinae
843 2991 1014 3077 ferentes,
1035 3035 1087 3054 --
1134 2998 1234 3068 Mul·

203 3097 345 3193 tiplices
361 3119 434 3166 esse
451 3095 596 3192 gradtn,
623 3095 718 3167 has
706 3111 803 3165 rnter
821 3095 945 3168 classes
965 3097 1135 3170 medios
1121 3123 1233 3170 racen-

203 3213 257 3268 tes
272 3213 420 3272 naturae
442 3213 603 3282 nostrae,
629 3198 733 3267 credo
755 3219 823 3266 nec
845 3218 976 3296 negare
993 3215 1096 3268 ιιιιιιο
1111 3223 1233 3298 quem·

204 3291 367 3394 duabu
368 3313 435 3368 nec
459 3297 643 3394 negavisse
669 3298 879 3385 Christum,
900 3301 1110 3394 praesertim
1140 3327 1231 3387 cunr,

204 3401 342 3502 dequo
366 3417 525 3474 extremo
547 3401 641 3473 loco
652 3399 810 3488 disserit,
837 3401 1030 3472 hominurn
1052 3425 1167 3498 genus
1185 3402 1233 3472 di·

202 3503 308 3572 ve'rso
322 3499 513 3573 fructuum
533 3520 715 3599 proventu
736 3503 814 3596 ipse
833 3503 1046 3573 distinxerit.
1072 3545 1123 3559 -
1173 3509 1232 3575 Ce-

201 3615 323 3674 terum
338 3604 442 3691 haec,
461 3601 543 3705 q'uo
560 3603 674 3676 tutius
697 3603 795 3673 credi
820 3605 994 3696 possint,
1008 3627 1153 3678 sensum
1176 3631 1231 3678 ex·

200 3695 343 3822 baurire
359 3705 570 3800 parabolae,
592 3705 679 3776 facit
696 3699 892 3814 ἐπιμύθιον
909 3707 1022 3777 Mtth.
1042 3729 1105 3818 13,
1138 3727 1230 3794 13-

203 3829 260 3926 ,3
289 3807 364 3876 Mc
384 3822 427 3896 4,
459 3823 629 3898 ι4-ιο
637 3803 745 3877 Luc
763 3827 803 3894 8,
832 3833 934 3878 ιι
886 3830 1021 3896 —15.,
1046 3827 1230 3890 extortum

199 3891 504 4004 interpretationis
519 3909 745 4004 praesidium.
773 3949 822 3960 -
872 3917 1010 3980 Verum
1035 3911 1121 4007 quid
1146 3911 1229 3982 inde

199 4011 245 4080 ad
260 4011 511 4082 illustrandam
526 4027 685 4081 nostram
702 4035 844 4082 causam
859 4027 1046 4110 sequatur,
1067 4009 1228 4108 quaeris?

199 4115 298 4184 Tene
315 4137 506 4184 summam.
554 4118 647 4183 Rem
664 4112 751 4188 dicit
768 4113 822 4184 de
830 4137 943 4210 regno
954 4113 1014 4185 dei
1030 4113 1227 4184 doctrinam

169 4247 171 4254 ¹
199 4209 246 4304 (ὁ
263 4211 450 4311 λόγος
403 4237 473 4308 της
491 4209 688 4303 βασιλείας
718 4217 831 4290 Mtth
851 4239 916 4306 19,
944 4215 1025 4311 13)
1051 4240 1144 4311 quae
1168 4214 1227 4286 bo·
