2608 4996
332 396 737 484 ...ι-χῃσι·-

29 553 223 629 stebilitum
235 552 283 625 iri
294 553 370 628 loci
383 551 499 626 nostri
520 553 879 652 interpretationem,
904 559 1075 658 sipne·

28 655 147 730 verbio
167 663 211 758 10
235 656 468 754 negationem
491 655 608 728 inesse
630 657 797 753 'probare
824 661 950 757 possis.
1006 669 1056 738 Et

27 805 103 851 vere
126 782 340 877 negativam
367 795 584 876 potestatem
608 784 703 876 (non
722 781 766 851 cl.
782 783 885 857 Prot.
903 803 943 873 8,
973 789 1055 886 ιο.)

28 881 186 976 suspicati
209 898 294 952 sunt
319 887 457 952 Sronn.
480 881 650 969 (Observ.
673 909 708 978 p.
727 901 795 968 251
815 885 890 980 sq.)
913 891 1055 960 Weck-

28 1009 183 1054 tmnoru.
219 987 350 1084 (Synt.
375 1009 411 1080 p.
432 1003 512 1074 184.
540 985 596 1060 ed.
623 1005 654 1052 s.
672 981 723 1074 *))
756 989 904 1057 Visun.
935 989 1052 1080 (hebr.

30 1088 179 1155 Gromm.
197 1085 254 1156 ed.
275 1107 306 1154 ι.
322 1107 357 1178 p.
369 1085 488 1185 gosp),
507 1083 711 1184 refragante
728 1087 902 1158 Gesnnro
917 1091 1052 1192 Lehrg.

30 1193 101 1271 639.
127 1191 236 1256 Anm.
262 1211 295 1254 n.
320 1187 363 1256 cl.
389 1201 510 1257 tamen
529 1189 618 1259 Lex.
640 1211 668 1260 ι.
684 1183 720 1256 h.
739 1209 771 1254 v.
787 1211 822 1258 n.
841 1207 874 1274 3.
891 1213 925 1282 9.
947 1215 1004 1263 ιο.
1021 1215 1053 1266 ο.

29 1287 83 1356 ubi
105 1285 225 1382 signif.
252 1290 326 1359 sine
349 1304 386 1357 et
406 1304 489 1358 ente
508 1293 583 1364 Fut
608 1304 645 1358 et
668 1285 739 1362 1nf.
763 1309 826 1377 ne,
851 1305 892 1360 ut
913 1315 1053 1382 non„e

28 1411 128 1474 nexu,
155 1389 374 1476 concedens,
408 1413 532 1484 reapse
558 1391 687 1460 eodem
712 1387 831 1460 tendit
845 1389 906 1486 se),
954 1393 1078 1468 Huic·
1178 1439 1210 1470 t·

28 1491 183 1584 potestati
200 1513 331 1588 magne
347 1492 401 1562 vis
423 1492 589 1562 accedere
604 1491 750 1562 videtur
765 1513 785 1560 e
804 1495 926 1585 priore
939 1518 1052 1568 enun-

29 1593 125 1680 tiato,
157 1585 233 1688 duo
264 1595 490 1686 apertissimo
519 1597 668 1691 negotio
703 1591 923 1676 continetur,
957 1597 1052 1670 nihil

31 1719 100 1764 cum
117 1693 256 1781 obstet,
273 1693 502 1790 quominus,
525 1693 565 1764 in
579 1695 663 1766 loco
677 1693 868 1790 ambiguo,
895 1697 1052 1771 alterum

31 1797 175 1890 epriore
199 1795 410 1866 membrum
435 1795 654 1890 explicetur,
686 1793 742 1864 uti
767 1797 921 1868 vicissim
944 1823 1051 1896 saepe

32 1893 163 1970 factum.
217 1903 394 1969 Contenta
421 1895 537 1968 oratio
563 1895 658 1992 apud
675 1899 835 1967 Hoseem
857 1903 974 1970 neutri
996 1901 1052 1972 in·

31 1999 267 2094 terpretntioni
298 1999 405 2068 unice
437 2015 672 2068 consentanee
703 2013 766 2070 est
791 2033 842 2052 -
893 2001 1053 2098 Prophe·

31 2115 111 2188 tem,
141 2101 313 2172 Mosaicis
352 2115 518 2170 utentem
553 2099 746 2186 institutis,
779 2123 964 2196 nunquam
984 2099 1050 2176 'fas

32 2199 128 2283 fuisse
148 2204 254 2299 loqui
276 2201 441 2273 desectis
461 2199 606 2297 penitus
628 2199 842 2296 abrogandis
868 2207 1051 2298 (quaeest

32 2306 137 2374 Ριιιιι
162 2305 201 2374 in
229 2309 368 2377 Comm.
401 2303 444 2372 ad
473 2301 811 2398 uentorumque
840 2304 1050 2396 sententie),

32 2428 92 2475 non
107 2403 211 2478 facile
231 2405 514 2501 persuadebitur.
566 2399 702 2502 Quidni
724 2403 822 2474 enim
841 2421 1049 2498 statuemus,

33 2507 153 2580 veriore
177 2531 266 2578 eum
285 2507 433 2594 vidisse,
461 2507 505 2576 de
527 2503 643 2606 gratie
665 2504 805 2594 divine,
828 2529 849 2576 e
869 2503 1051 2582 benevole

33 2625 141 2680 mente
152 2626 328 2704 rectoque
347 2607 505 2680 numinis
522 2609 625 2678 cuitu
639 2603 745 2678 unice
758 2607 966 2702 pendente?
1007 2610 1051 2682 Id

33 2711 117 2802 quod
139 2711 366 2806 perspexisse
387 2733 460 2808 non
487 2707 591 2805 vulgi
611 2708 718 2778 huius
739 2708 863 2780 aetatis
886 2733 962 2782 esse
987 2735 1052 2806 po-

32 2825 127 2900 terat,
152 2813 213 2884 sed
238 2811 495 2884 excellentium
518 2808 690 2906 sapientia
704 2803 876 2881 virorum.
926 2817 975 2881 Et
990 2833 1052 2906 ge·

33 2911 124 2984 mine'
135 2913 177 2984 de
193 2937 289 2984 vano
312 2907 565 2984 sacrificiorum
592 2911 694 2981 cultu
717 2909 849 2984 iudicia
872 2910 971 3006 leges
993 2917 1049 2984 Ps.

33 3033 93 3102 ιο,
114 3021 238 3110 6-9.
272 3019 398 3104 Ier.7,
428 3039 469 3084 ιιι
489 3038 541 3109 sq.
571 3017 788 3102 Ps.5o.5t,
819 3030 950 3106 ¹8·¹9·
983 3017 1051 3086 Ies.

38 3135 70 3202 1,
96 3143 147 3188 ιι.
173 3137 229 3204 15.
263 3117 307 3187 cl.
340 3119 384 3204 6,
415 3137 469 3208 17.
506 3117 707 3186 etfinsmt.
731 3113 776 3186 ed
801 3113 836 3184 h.
860 3110 979 3204 Lm).
1005 3154 1051 3170 -

35 3218 90 3286 Sed
106 3220 291 3290 mittamus
308 3219 489 3304 Hostem,
515 3217 560 3286 de
578 3215 678 3287 cuius
700 3237 782 3286 vera
801 3233 923 3286 mente
946 3212 1053 3287 dubi·

35 3315 148 3391 tabunt
162 3319 315 3392 forsittn
332 3339 393 3390 me
417 3319 626 3416 peritiorem
659 3317 839 3391 Christum
854 3333 1051 3406 teneamus,

39 3481 224 3498 ᾗ*

49 3561 76 3642 *)
93 3561 315 3629 Wecruenmnt
338 3577 447 3626 temen
465 3567 563 3626 mirus
583 3535 758 3643 hic'errot,
786 3557 876 3646 quod
896 3553 939 3626 ob
958 3581 1052 3646 pree·

101 3665 217 3725 cedent
236 3643 313 3774 ΒΝ)
338 3661 443 3739 (Prot.
462 3671 500 3738 8,
523 3661 579 3740 ιο.)
602 3675 634 3722 et
652 3643 723 3738 pi‘tt
741 3681 775 3724 ιι.
793 3659 816 3724 l.
835 3665 990 3724 existimat
1009 3673 1052 3768 po

99 3797 167 3842 non
187 3796 311 3844 tentum
329 3797 415 3856 non,
442 3781 500 3844 ted
519 3797 552 3844 ee
570 3801 638 3844 non
658 3761 827 3842 denotare.

53 3899 97 3983 ii)
113 3904 152 3968 V.
175 3908 508 3969 sternumentis.
531 3909 588 3972 Gr.
610 3905 644 3970 d.
669 3907 759 3970 debe.
780 3907 851 3988 Spr.
877 3927 909 3987 p.
927 3909 984 3986 598
1002 3926 1016 3966 ι
1041 3947 1051 3966 .

103 3981 142 4041 de
153 3988 314 4044 remotiva
334 3983 514 4064 praeverbii
532 3999 704 4066 potestate,
725 3986 778 4045 cui
795 3984 955 4064 negativa
969 4003 1001 4042 m
1038 4013 1054 4030 ·

95 4057 465 4122 &mmmmm

54 4157 118 4242 ω)
135 4165 216 4228 Nem
237 4171 359 4230 esent.
387 4173 442 4238 15,
462 4187 509 4230 ιι.
537 4185 634 4250 quem
652 4167 749 4306 vulpe
770 4169 926 4241 excitent,
950 4181 1054 4228 menet

107 4245 312 4325 arreptans
332 4243 374 4307 eb
394 4243 459 4306 hoc
477 4262 598 4334 genere
617 4253 667 4306 est
681 4265 698 4305 ι
714 4265 816 4306 tenus.

803 4337 849 4402 10
