2608 4996
528 362 939 442 υ--ιοῄυ-υι·

94 595 95 602 ,
214 521 309 598 bene
332 460 427 594 vidit
442 503 749 594 Gnarsosroaius
772 520 798 594 l.
822 543 852 595 o.
874 519 972 640 qulr
993 507 1179 648 redditu
1198 517 1244 610 δι,

212 623 337 720 inquit
358 619 569 722 αιἰιίγμαια
582 614 698 704 ἐτίθει
715 618 910 730 διεγείρων
928 615 1081 712 αὐτούς
1089 619 1143 712 εἰς
1156 616 1245 725 ipsi·

262 747 410 800 σιν.-

168 745 260 819 ²¹²!
289 808 446 900 Veniam
477 825 566 900 dent
589 826 744 900 lectores
771 824 941 922 benigni,
972 823 1075 936 quod
1104 825 1245 914 diutius,

213 951 325 1030 quam
361 925 416 1001 ias
449 927 618 1002 videatur
644 928 836 1019 multis,
823 951 863 1030 ιιι
899 929 936 1000 h.
968 929 1010 998 1.
1027 929 1245 1000 enucleando

211 1053 341 1104 sumus
355 1031 499 1104 verna.
551 1037 600 1102 Αι
612 1031 671 1102 ιιι
686 1029 794 1104 nobis
809 1022 888 1102 eret
904 1029 1120 1132 munienda,
1149 1029 1250 1126 quid-¹

212 1155 259 1204 re
274 1157 322 1204 ex
337 1157 398 1221 ea,
419 1155 531 1230 quam
553 1133 833 1228 proposuimus,
861 1133 988 1204 locum
1010 1147 1188 1204 vexamm
1204 1147 1246 1200 at·

212 1257 289 1332 que
297 1233 513 1332 ambiguum
523 1235 731 1329 explicandi
744 1234 886 1306 ratione
897 1227 1162 1330 consequatur,
1177 1255 1246 1328 pet·

213 1335 338 1434 spicue
366 1337 595 1409 tradendum.
654 1338 784 1408 Haec
772 1337 886 1434 igitur
908 1334 1159 1425 severissimo,
1192 1333 1246 1412 sed

97 1489 100 1498 ·
213 1439 342 1518 subtili
355 1461 555 1535 aequorum
573 1437 739 1510 iudicum
754 1439 913 1510 examita
904 1435 1194 1510 submittimus.

168 1605 170 1612 ,
289 1545 343 1612 Ita
356 1558 460 1612 caute
473 1541 642 1636 quidem,
660 1541 744 1613 satis
760 1559 884 1614 tamen
894 1537 1053 1610 dilucide
1068 1537 1244 1626 omuibus,

154 1641 281 1765 qui
301 1643 460 1714 attentis
456 1641 668 1714 audiebant
686 1643 858 1740 auribus,
893 1640 1069 1714 Massieni
1093 1639 1245 1716 muueris

174 1731 299 1820 'ase
330 1745 490 1839 suscepti
519 1745 733 1840 gravitatem
763 1745 989 1842 professum,
1023 1740 1247 1838 temporibus

214 1847 284 1920 hoc
297 1846 405 1917 unice
422 1845 561 1919 dedisse
575 1846 764 1919 dicemus?
816 1845 926 1966 Quasi
940 1843 1028 1916 talia
1049 1867 1243 1920 accommo-

214 1949 373 2024 dationis
388 1953 513 2069 (quam
526 1955 670 2040 vocant)
687 1951 814 2022 ullum
832 1949 880 2021 sit
899 1949 939 2026 in
962 1947 1129 2020 oratioue
1150 1943 1245 2016 resti
1247 2013 1254 2035 ,Α

207 2051 338 2152 gium3
359 2053 476 2147 quasi
484 2075 559 2122 non
580 2069 753 2150 querebar
774 2048 921 2138 aoerbe,
945 2047 1060 2122 iidem
1080 2049 1173 2138 sibi,
1197 2061 1244 2118 tot

214 2171 387 2247 tantaque
412 2154 590 2234 miracula
615 2153 790 2248 patranti,
816 2152 1008 2246 denegari3
1042 2152 1150 2258 quasi
1180 2173 1243 2220 ιιοι

181 2255 357 2331 disertis
371 2253 490 2326 verbis
511 2256 663 2343 dixerit,
687 2257 876 2327 advenisse
887 2254 1062 2326 Messinm
1077 2243 1241 2344 (sibilet
1225 2273 1243 2320 o

210 2353 298 2445 υἱὸς
320 2354 395 2428 τοῦ
416 2350 662 2480 ἀνθρώπου,
681 2349 825 2431 iatine
849 2352 917 2431 καὶ
942 2355 1059 2428 πίνων
1084 2371 1153 2426 eto.
1188 2374 1244 2424 τι·

206 2454 386 2538 λωνῶν
408 2456 555 2553 φίλος
579 2455 662 2532 uui
689 2453 1017 2577 ἁμαρτωλῶν.
1042 2480 1076 2526 v.
1094 2482 1154 2549 19.
1181 2475 1244 2550 quo

208 2559 417 2660 posteriore
441 2561 650 2650 enuntiato,
678 2562 743 2658 qui
772 2559 980 2655 negaverit,
1003 2543 1194 2630 Christum
1208 2553 1244 2623 ed

214 2683 253 2738 se
279 2660 402 2754 ipsum
426 2662 622 2757 respicere,
655 2662 745 2735 novi
774 2661 1001 2780 neminem)3
1040 2661 1146 2756 quasi
1180 2679 1244 2728 noa

213 2763 403 2862 perspicue
427 2761 541 2837 fassus
562 2763 694 2855 fuerit,
720 2789 741 2837 a
765 2789 821 2852 se,
845 2764 957 2859 patris
984 2757 1244 2834 ooelorumfe·

94 2867 98 2878 '
206 2865 461 2940 'miliarissimo
483 2891 608 2938 rerum
624 2868 835 2939 divinarum
860 2865 1046 2942 scientiam
1066 2863 1244 2958 animique

212 2968 520 3064 tranquillitatem
534 2971 708 3062 petendas
727 2992 826 3058 esse,
847 2991 917 3042 av.
938 2987 982 3054 05
997 2993 1098 3063 sq.

291 3069 377 3140 Alio
399 3085 566 3164 tempore
588 3073 678 3164 (17,
709 3075 925 3164 24-27),
960 3093 1057 3141 cum
1069 3069 1115 3140 de
1144 3061 1244 3138 vecti·

214 3167 274 3272 gal
275 3170 308 3260 ι,
343 3169 384 3240 iu
409 3171 541 3265 templi
566 3173 744 3246 aerarium
779 3173 975 3258 solvend0,
1008 3171 1244 3264 interrogatus

213 3270 367 3346 essetab
381 3273 609 3345 exactoribus
624 3280 770 3363 Petrus,
798 3273 1107 3368 affirmassetque,
1129 3296 1167 3344 se
1182 3287 1243 3338 una

214 3397 300 3458 cum
314 3374 489 3492 magistro
508 3375 579 3446 hoc
601 3375 740 3480 boni
708 3377 799 3450 crvis
823 3374 947 3449 officio
973 3367 1244 3448 defuncturum}

211 3475 442 3550 occasionem
470 3462 624 3573 arripuit
650 3481 834 3568 Christus,
869 3494 912 3548 ut
939 3503 996 3566 se,
1032 3475 1093 3548 dei
1120 3473 1242 3552 filium»

213 3577 379 3654 evidenti
395 3578 537 3652 ratione
555 3578 608 3650 ab
624 3582 691 3668 hac
714 3607 811 3652 sacra
833 3579 970 3650 tribute
992 3573 1177 3674 pendendi
1191 3595 1243 3642 na·

213 3678 378 3756 cessitate
392 3680 628 3760 erdmendum
657 3707 733 3755 esse
756 3682 973 3778 perhiberet.
1028 3687 1130 3780 Quae
1150 3696 1242 3768 argu·

214 3781 393 3854 mentatio
419 3806 529 3877 quam
557 3784 604 3854 sit
633 3808 653 3855 a
676 3809 864 3880 persp1cua
891 3782 1066 3854 Massieni
1094 3772 1241 3853 nominis

213 3880 441 3980 professione
457 3908 599 3970 exorsa,
621 3885 702 3982 quis
719 3887 866 3956 tandem
881 3901 957 3955 tam
974 3908 1100 3960 excors
1115 3899 1183 3965 est,
1206 3887 1242 3942 ut-

158 4016 173 4024 ·
201 4007 345 4082 ¹negare
375 3984 516 4080 possiti
574 3987 657 4060 Ηοο
690 4004 814 4058 tamen
843 3985 1099 4058 testimonium
1120 3996 1240 4067 coram

202 4081 290 4160 ¹uno
308 4087 353 4158 de
375 4085 618 4161 familiaribus
643 4077 785 4161 editum
802 4105 874 4172 est3
910 4089 1106 4158 nonenim
1130 4085 1239 4184 plures

215 4188 395 4261 adstitisse
417 4190 599 4261 dicuntur.
672 4191 714 4277 Id
741 4207 864 4262 autem
895 4205 1040 4260 tantum
1064 4187 1181 4268 abest,
1204 4188 1239 4246 1¹¹
