2654 4988
541 385 788 475 mres
840 418 958 454 η,

230 589 234 620 ³
300 559 397 639 hd·
420 581 497 634 non
523 557 721 652 mirabere,
753 559 794 632 in
811 546 986 634 'Ioanneie
1010 561 1268 636 commentam

227 687 303 744 non
329 685 407 738 este
431 665 686 738 commendata
712 687 780 735 nec
805 687 872 760 per
896 663 1174 754 similitudines,
1206 687 1267 736 nec

226 794 294 868 per
311 770 518 855 translatam
534 785 597 838 aut
622 769 771 862 planam
797 767 1163 868 dictionem'singul‘a
1175 764 1268 837 intu-

176 901 179 910 ·
226 896 355 975 rorum
380 871 548 943 coelestis
574 869 677 964 regni
695 865 834 940 civium
857 864 999 970 officia,
1025 885 1069 939 ut
1090 869 1268 965 placabili·

226 991 352 1062 tatem,
378 991 421 1044 ut
445 974 542 1072 pacis
566 996 740 1059 amorem,
766 989 812 1042 ut
830 972 1084 1065 constantiam,
1110 988 1152 1040 ut
1179 995 1269 1042 nuan-

223 1077 477 1162 suetudinem,
521 1092 565 1146 ut
600 1072 879 1156 beneficentiam
911 1096 996 1170 erga
1032 1097 1208 1169 pauperes
1238 1089 1269 1141 et

225 1179 514 1250 misericordiam
541 1193 609 1248 cet.
650 1174 785 1273 quibus
812 1173 926 1274 fortis
957 1201 996 1250 se
1027 1175 1161 1246 emerit
1192 1197 1269 1245 vera

223 1279 449 1366 humanitas,
491 1278 531 1353 in
555 1279 761 1375 Synopticis
785 1278 890 1352 libris
915 1301 981 1374 per
1005 1301 1189 1349 sermones
1215 1273 1270 1348 cr·
1316 1299 1317 1324 ³

224 1383 468 1478 amplumque
496 1381 629 1452 Christi
672 1381 825 1476 depicta.
903 1381 1080 1452 Virtutes‘
1105 1379 1270 1476 singulae,

224 1486 270 1554 nd
297 1483 555 1580 acquirendam
589 1482 773 1554 civitatem
797 1483 837 1554 in
860 1507 959 1558 sacra
981 1483 1154 1554 societate
1177 1498 1270 1576 aptae

224 1603 263 1659 et
289 1587 523 1673 necessariae,
551 1609 617 1656 nec
644 1602 854 1658 enarrantur
879 1610 946 1655 nec
972 1585 1202 1680 populariter
1219 1607 1272 1652 ex·
1316 1585 1317 1598 ¹

223 1685 429 1785 plicantur;
476 1687 581 1758 radix
615 1703 653 1756 et
677 1685 760 1758 fons
787 1687 953 1774 virtutis,
998 1686 1170 1782 perennis
1195 1684 1270 1756 fons

223 1791 393 1889 perennis
417 1789 516 1860 vitae
542 1790 720 1882 aperitur,
767 1787 892 1876 πίστις
923 1789 962 1860 in
986 1789 1159 1860 divinum
1185 1789 1270 1885 lega·
1316 1881 1317 1889 ἵ

222 1909 319 1964 tum.
372 1898 468 1962 Nam
494 1893 619 1977 πίστις
641 1896 798 1964 Ioannes
822 1892 932 1962 distat
952 1891 998 1962 ab
1024 1915 1079 1978 ea,
1107 1913 1218 1989 quarn
1237 1889 1272 1959 in

223 1993 513 2068 antecessoribus
540 1995 779 2088 Evangelistis
810 1993 966 2089 requirit
991 1995 1159 2065 Christus
1182 1992 1271 2062 adiu·
1316 1993 1317 1998 ’

221 2115 390 2168 mentum
417 2096 666 2183 sanationum,
706 2096 746 2166 in
779 2097 1052 2188 aegrotantibus
1090 2113 1131 2167 et
1168 2094 1272 2166 imbe-

222 2199 372 2270 cillibus
398 2199 554 2296 secunda
581 2197 730 2270 fortuna
757 2196 1075 2293 perficiendarum.
1129 2198 1218 2269 Eius
1241 2211 1271 2265 et
1316 2247 1317 2266 a

219 2301 331 2374 latior
355 2301 531 2386 ambitus,
566 2315 604 2369 et
629 2300 806 2373 subtilior
843 2301 898 2371 vis
929 2318 1040 2397 atque
1077 2301 1204 2396 origo,
1241 2313 1272 2368 et

221 2402 444 2498 amplissima
477 2399 638 2474 efficacia
670 2419 735 2474 est.
798 2402 942 2474 Christo
977 2403 1042 2500 qui
1078 2401 1194 2474 fidem
1219 2403 1270 2472 ha·
1316 2463 1317 2466 ,

219 2505 300 2591 bet,
322 2503 451 2576 divino
478 2506 620 2602 legato,
652 2505 799 2576 coelum
826 2505 892 2602 qui
917 2506 1088 2600 reliquit,
1132 2523 1177 2576 ut
1201 2527 1272 2574 coe·

220 2608 351 2680 lestem
397 2607 600 2688 doctrinam
641 2625 678 2678 et
716 2625 862 2678 aeterna
901 2608 1016 2678 animi
1058 2607 1161 2680 bona
1195 2628 1270 2676 curn
1314 2611 1317 2664 ῖ

217 2708 436 2781 mortalibus
461 2708 762 2796 communicaret,
788 2707 907 2781 verbo
933 2712 1092 2782 salutem
1121 2711 1272 2806 plenam,

218 2812 403 2883 Christum
429 2813 495 2908 qui
529 2829 648 2882 totum
674 2828 712 2883 et
739 2830 861 2883 mente
887 2836 976 2908 pura
1003 2829 1039 2882 et
1071 2811 1271 2884 animuin·

218 2915 311 2984 timo
336 2912 506 3000 imbibit,
529 2915 560 2985 is
586 2914 768 3008 genuinus
793 2932 968 3000 sectator,
994 2938 1071 2986 non
1098 2915 1272 2988 morietur

216 3039 400 3110 unquam,
442 3016 473 3087 is
499 3041 574 3086 non
599 3017 810 3110 experietur
836 3016 1035 3102 iudicium,
1080 3015 1115 3089 is
1152 3012 1271 3087 transi·
1316 3053 1317 3056 π

215 3133 298 3188 tum
327 3118 471 3211 jreperit
490 3123 562 3188 ‘res
597 3118 695 3189 inter
727 3119 903 3190 humanas
936 3117 1207 3217 periturasque*
1234 3114 1271 3186 ad

215 3220 332 3290 vitum
360 3216 561 3306 aeternam,
597 3217 760 3308 beatam,
795 3222 948 3298 vitalem
970 3219 1016 3313 *)·
1078 3218 1271 3318 Superavit

213 3339 392 3408 mortem,
419 3339 463 3391 et=
483 3321 668 3416 corporis,
703 3339 741 3394 et
766 3325 898 3409 animi,
924 3348 1010 3393 nam
1038 3325 1193 3417 aperuit
1220 3345 1271 3391 ve·

213 3447 292 3496 ram
315 3424 450 3511 vitam,
486 3449 578 3522 qnae
602 3448 677 3495 non
703 3447 722 3496 a
748 3425 906 3497 discessu
931 3425 1101 3519 primurn
1132 3427 1272 3497 animae

213 3547 261 3594 ex
277 3525 358 3594 boc
385 3551 537 3620 corpore
561 3527 707 3614 uiuitur,
732 3528 793 3598 sed
812 3553 859 3598 ex
883 3552 959 3623 quo
978 3526 1158 3600 intimam
1185 3526 1270 3597 chri-

209 3627 365 3698 stianam
404 3626 516 3700 fidem
561 3629 714 3722 arripuit
753 3629 896 3700 animus
938 3647 976 3700 et
1016 3653 1128 3702 suam
1176 3629 1270 3702 fecit.

210 3729 311 3798 Haec
338 3731 421 3798 tam'
437 3729 546 3826 digna
571 3731 742 3819 homine,
784 3748 861 3802 tam
888 3729 1154 3826 πνευματικὰ,
1180 3750 1268 3826 ‚tam

183 3873 186 3892 ι
211 3827 336 3900 divina
365 3853 442 3900 non
469 3831 637 3902 universe
665 3834 845 3904 delineata
869 3832 1069 3928 proponi„
1097 3819 1166 3906 sed
1191 3832 1269 3930 pul-

211 3931 384 4023 cerrino,
405 3930 510 4026 operi
544 3931 685 4023 debita,
729 3937 836 4034 docet
869 3938 989 4008 oratio
1025 3936 1071 4012 ad
1108 3935 1269 4010 Nicode-

214 4093 425 4132 ...q-..-

242 4168 371 4254 *)'Hoc
400 4166 497 4240 sen'm
526 4179 716 4248 {Lemnon
765 4176 862 4246 Fidae
898 4197 948 4247 est
982 4188 1269 4269 pertinacissimus

201 4281 204 4285 ·
279 4253 398 4317 Christi
417 4260 564 4318 intuitur·
