2734 4998
482 409 965 482 wurtem-

363 499 372 526 l

196 599 199 612 ·
240 553 670 660 Olrreuzeugerucboft),
693 556 961 654 proficisciturr
995 555 1170 636 seditem
1191 555 1279 632 lon-

242 683 300 735 tes
328 678 508 756 sequutos
537 683 616 733 esse
649 661 766 756 paule
790 661 1040 756 antiquiores,
1073 661 1138 734 vel
1162 665 1280 745 orales

244 765 507 856 (traditionem
525 762 684 848 veriam,
717 778 755 840 et
775 762 818 836 iu
843 765 914 834 hac
936 763 1016 858 ipsa
1032 764 1211 838 vericttts
1230 761 1279 834 sd

240 889 433 940 summam
454 863 794 949 recensentem),
820 865 883 938 vel
904 871 1158 953 scripturarius
1182 867 1278 959 (quo

243 967 361 1040 verbo
377 967 536 1043 alterum
553 985 672 1062 genus
687 963 907 1038 brevissime
921 965 1165 1064 insignitur),
1190 989 1279 1037 con.-

237 1069 385 1140 .cedunt
400 1066 536 1153 critici,
564 1065 634 1138 etsi
652 1066 698 1137 de
717 1067 849 1140 indole
867 1090 997 1140 eorum
1022 1067 1180 1146 minime
1202 1089 1278 1139 une

236 1171 295 1244 sir
310 1170 515 1250 ¹doctorum
538 1169 749 1248 sententias
793 1174 942 1249 Horum
971 1165 1279 1264 igitur·iontium

235 1287 432 1364 ¹respectus
448 1269 676 1364 praevaluit,
702 1295 786 1342 non
808 1270 1107 1365 uniuscuiusque
1124 1270 1279 1364 scriptos

242 1373 294 1444 ris
310 1371 558 1468 ingenium-et
571 1371 721 1442 dicendi
736 1372 983 1452 consuetudo.
1017 1371 1131 1469 Quod
1143 1371 1280 1444 exinde

241 1475 454 1545 luculenter
477 1489 600 1568 patet,
621 1473 729 1568 quud
749 1475 875 1546 multo
901 1474 1029 1552 minus
1057 1491 1149 1559 tres,
1182 1497 1279 1568 quos

233 1576 341 1664 dixi,
367 1575 566 1668 scriptores
581 1574 621 1644 in
636 1575 874 1656 sermonibus
889 1581 982 1654 Iesu·
992 1575 1131 1649 Christi
1142 1575 1280 1646 doctri·

229 1697 367 1775 ‘nsque
382 1675 640 1772 proponendis
658 1676 749 1768 (etsi
758 1699 830 1748 nec
841 1677 954 1771 plene
970 1675 1278 1762 desitdisseusio,

241 1777 302 1849 uti
320 1779 466 1849 dicetur
487 1775 634 1869 infre),·
657 1801 771 1874 quam
794 1777 836 1848 in
859 1795 1195 1876 rerumgestarum
1218 1803 1280 1849 or·

187 1957 190 1969 ,
243 1881 351 1968 dine,
377 1878 730 1998 incompositione,
754 1880 1071 1968 innarrationum
1090 1877 1279 1952 veluber-

232 1983 320 2054 nate
335 1982 398 2052 vel
414 1979 654 2068 brevitates
643 2006 759 2078 mque
776 1961 859 2052 aliis
880 1982 1005 2053 ιιιιιιιο
1025 1980 1136 2056 etiam
1160 1981 1280 2058 levio·

232 2075 346 2155 'ribus
360 2083 564 2188 momentis
582 2035 772 2154 differunt.
804 2081 976 2156 Maiore
964 2083 1082 2180 igitur
1092 2079 1279 2180 religione

242 2209 433 2258 sermones
442 2191 528 2255 Iesu
542 2183 738 2274 tradidisse
754 2186 966 2279 posteritati
982 2183 1171 2258 censendi
1174 2203 1277 2271 sunt,

242 2313 354 2400 quam
371 2287 412 2354 id
434 2286 560 2357 visum
582 2303 638 2356 est
659 2311 819 2380 nupcre
820 2287 1033 2357 nonnullis.
1083 2291 1176 2358 Non
1194 2302 1277 2356 tan·

240 2391 324 2460 tum
342 2411 382 2460 se
401 2385 563 2458 exseruit
584 2385 683 2456 inter
699 2383 939 2458 scribendum
959 2386 1185 2490 scribentis
1173 2411 1279 2488 mge-

240 2493 372 2576 nium
401 2505 588 2584 quantum
609 2489 683 2558 hoc
713 2489 981 2584 exspectaveris
1008 2475 1161 2576 avitis,
1193 2513 1277 2560 non

241 2542 373 2664 subtili
383 2587 595 2661 eruditione
609 2588 783 2680 subactis,
800 2616 881 2662 non
895 2590 1160 2670 historicorum
1166 2589 1278 2662 schu-

239 2691 349 2764 lam
339 2690 535 2788 regressis,
563 2697 685 2762 Iesum
701 2677 965 2764 Redem'torem
982 2695 1132 2765 summ'o
1149 2717 1279 2770 amore

223 2791 567 2894 prosequentibus.
626 2795 698 2866 Sed
731 2794 831 2864 hic
820 2819 902 2888 rpse
931 2819 1037 2866 amor
1064 2811 1102 2864 et
1129 2794 1277 2895 egregia

241 2895 423 3011 quaedam
440 2895 658 2989 simplicitas
682 2894 800 2966 animr
787 2893 990 2972 effecisse
1012 2883 1209 2997 videntur,
1235 2913 1278 2965 ut

225 2995 440 3094 'religioni
431 2996 609 3068 ducerent
626 2996 699 3068 s1b1
704 3051 741 3085 ,
737 3022 895 3068 manum
909 2997 1108 3068 admovere
1126 2986 1278 3094 operiet

238 3117 476 3200 praematuro
506 3097 647 3170 iudicio
673 3097 878 3170 factorum
890 3099 1193 3198 simplicitatem
1197 3101 1278 3168 tui·

240 3202 337 3272 bare.
389 3198 579 3272 Putabant
602 3198 774 3272 sufficere
789 3203 1016 3302 adspectum
1039 3218 1151 3295 etque
1170 3169 1277 3275 audi·

189 3319 195 3334 '
237 3319 324 3374 tum
352 3297 541 3373 factorum
572 3303 866 3398 sermonumque
887 3302 1044 3390 Christi,
1078 3319 1123 3371 ut
1152 3301 1275 3418 qualis

225 3403 494 3500 'quantusque
501 3403 569 3491 sit,
597 3402 642 3474 de
669 3413 745 3500 qu'o
747 3404 877 3476 verba
900 3401 1097 3491 iecissent,
1123 3403 1276 3497 penitus

237 3506 512 3602 intelligeretur
533 3502 788 3580 electoribus.
838 3507 895 3578 Ad
911 3530 1056 3577 morem
1074 3505 1274 3589 maiorum,

162 3609 168 3624 '
218 3605 306 3704 1ἰιιιι
321 3605 486 3680 eandem
502 3598 781 3702 simplicitatem
799 3608 931 3680 'sectati
947 3607 1025 3678 sint
1045 3606 1087 3702 in
1106 3605 1275 3709 historiis

238 3706 533 3804 perscribun'dis,
567 3711 689 3781 nolim
710 3733 797 3802 cum
821 3710 905 3780 aliis
930 3733 1169 3804 provocare
1198 3711 1276 3778 l·I·e

238 3809 389 3904 braicos
401 3809 501 3880 enim
517 3811 716 3884 historicos
733 3836 837 3886 nunc
853 3835 965 3882 nemo
980 3825 1103 3906 negat·
1107 3810 1275 3880 theocru·

175 3983 181 3995 ,
238 3910 321 3984 ticis
346 3911 558 3984 rationibus
582 3937 760 4007 persaepe
782 3903 949 3984 muitum
971 3911 1161 4002 tribuisse.
1166 3923 1203 3986 et
1227 3905 1274 3979 ab

236 4013 295 4085 his
313 4013 391 4117 regi
409 4039 449 4088 se
463 4037 592 4109 passos
612 4037 691 4086 esse
712 4039 754 4084 tn
773 3997 1043 4088 conformanda
1067 4032 1190 4082 rerum
1214 4033 1275 4106 ge·

238 4133 381 4186 'storum
400 4117 623 4194 narratione.
678 4117 749 4190 Sed
772 4105 889 4186 trium
906 4115 1078 4214 priorum
1105 4117 1274 4210 Esange·

235 4216 409 4290 litterum
426 4241 507 4288 non
524 4219 653 4288 eedem
669 4236 726 4290 cst
742 4219 848 4289 ratio.
