2608 4996
368 335 767 408 ...ιω-..ιι-

62 485 146 586 apud
158 485 316 586 reliquos
328 489 482 561 minima
496 485 754 562 desiderantur.
770 488 802 580 i)
820 527 874 548 -·
903 489 1083 564 Omnium

62 614 138 662 vero
153 589 305 662 minime
320 589 474 674 debebat
488 591 636 661 excitari
650 592 762 663 Mttb.
786 613 850 680 s5,
878 611 924 678 35
941 619 993 689 sq.
1014 592 1085 688 qui·
1166 663 1172 672 ,

60 693 80 762 l.
96 691 144 778 ei,
160 691 258 786 quod
272 690 500 786 probandum
515 689 634 763 fuerat
645 707 868 788 susceptum,
888 698 1007 768 stricte
1021 695 1079 764 ad·
1162 695 1168 706 “

61 807 226 875 versatum
259 809 409 880 testans,
435 797 574 866 Lucam
589 815 662 865 non
684 793 854 867 omuibus
869 819 976 868 usum
992 819 1077 884 esse,

59 917 138 991 qnae
152 915 277 966 musae
291 918 376 968 suae
395 894 618 969 inservirent.
632 933 685 956 ι·-

120 1057 176 1125 Ex
198 1049 276 1140 his,
310 1075 402 1150 quae
430 1049 511 1125 fusa
533 1053 677 1150 lateque
701 1051 877 1142 diximus,
907 1053 992 1126 satis
1017 1051 1078 1124 de·

58 1169 284 1224 monstratum
298 1177 374 1236 esse,
387 1152 621 1242 arbitramur,
644 1179 720 1228 non
735 1155 844 1228 unius
859 1161 998 1242 Lucae,
1014 1153 1078 1226 sed

59 1257 348 1354 Synopticorum,
382 1254 459 1328 imo
486 1255 616 1330 Christi
638 1257 734 1351 apud
758 1257 972 1354 Synopticos
1002 1277 1078 1328 essa

58 1355 136 1426 hanc
151 1357 195 1426 de
207 1379 412 1452 pauperum,
424 1355 546 1429 futura
561 1355 732 1430 beatitate
749 1375 786 1429 et
807 1359 851 1432 ad
874 1357 976 1454 regni
997 1379 1077 1428 coe·

57 1457 143 1530 lestis
158 1457 380 1536 consortium
395 1457 526 1534 idonea
538 1459 664 1531 indole
678 1459 902 1534 sententiant-
947 1463 1078 1553 Super-

58 1575 118 1646 est,
133 1575 226 1630 utre
243 1581 408 1638 concessa
422 1559 476 1632 rei
493 1583 611 1636 causas
626 1560 845 1658 detegamus.
883 1567 982 1656 Quae
998 1557 1078 1654 qui·

59 1661 130 1730 dem
146 1685 190 1736 ex
203 1659 354 1754 partein
370 1659 414 1734 iis
431 1660 574 1748 insunt,
591 1684 684 1758 quae
698 1687 803 1757 supra
820 1663 996 1734 monenda
1011 1661 1078 1730 du·

57 1761 164 1832 rimus
185 1761 230 1832 de
246 1760 385 1858 duplici
400 1785 531 1860 genere
546 1761 758 1852 hominum,
783 1764 883 1859 quod
908 1763 952 1835 ab
974 1759 1077 1836 exilii

55 1861 273 1956 potissimum
293 1879 407 1936 aetate
424 1880 504 1936 tum
523 1863 618 1940 inter
639 1881 780 1942 exteros
802 1881 883 1936 tum
906 1866 944 1934 in
960 1861 1078 1958 patria

55 1979 126 2056 post
147 1964 308 2040 reditum
330 1965 464 2040 variam
494 1965 591 2040 inter
617 1964 801 2040 variorum
834 1963 1077 2060 imperiorum

55 2082 174 2142 sortem
192 2063 350 2140 emersit.
401 2065 586 2142 Maiorum
610 2081 740 2140 enatet
759 2065 976 2161 sapientium
999 2089 1075 2140 sen-

55 2166 152 2240 tentia
167 2175 225 2257 (v.
246 2169 388 2262 supra),
415 2166 562 2244 officere
582 2167 726 2240 divitias
742 2167 932 2244 honestati.
983 2171 1076 2242 Con·

55 2283 100 2336 tra
113 2268 268 2340 divitum
283 2287 319 2338 et
333 2269 538 2365 primorum
550 2269 796 2355 insolentiam,
810 2265 985 2354 fraudem,
1001 2291 1074 2340 sne·

55 2391 175 2464 vasque
204 2387 299 2442 artes
321 2370 479 2468 ingenue
502 2371 716 2468 pugnando,
748 2371 947 2465 prophetae
971 2385 1074 2442 vetu-

55 2469 167 2542 stiores
183 2495 325 2542 causam
339 2496 560 2569 pauperum,
578 2467 719 2548 musam
736 2471 971 2560 theoctistae,
992 2494 1072 2543 cau·

55 2593 120 2642 sam
134 2573 364 2648 humanitatis
377 2571 640 2671 probitatisque
654 2571 852 2651 fortissime
866 2571 1074 2668 egerantvi·

55 2688 188 2770 tamque.
203 2691 242 2746 et
259 2674 352 2746 vires
369 2690 647 2746 consumserant.
704 2677 784 2744 Imo
802 2674 1003 2752 Iesaianum
1017 2673 1074 2746 lo·

56 2798 128 2856 cum
142 2779 224 2868 (les.
245 2779 312 2862 61,
337 2801 353 2848 1
374 2777 469 2874 sq.),
494 2777 559 2872 qui
573 2791 628 2846 est
648 2775 692 2848 da
710 2798 909 2872 egenorum
924 2774 1074 2846 misero·

37 2861 195 2974 uiamque
223 2875 454 2952 sublevandis
483 2876 662 2950 aerumnis
691 2877 941 2972 gravissimus,
967 2873 1074 2948 citius

56 3000 154 3069 ocyus
172 2977 215 3052 ad
233 2976 457 3074 sospitatoris
474 2977 572 3056 unici
589 2977 812 3074 provinciam
836 2977 930 3048 trahi
944 2975 1071 3051 luben·

55 3075 179 3150 tissime
194 3079 326 3174 coepit.
363 3079 502 3156 Prodiit
515 3083 631 3168 Iesus,
653 3079 792 3178 generis
806 3077 1073 3150 amantissimus

55 3177 210 3268 humaui,
242 3203 449 3275 persuasus,¹
482 3182 653 3270 Messias,
696 3184 828 3254 saturni
864 3179 1071 3276 prophetae,

55 3283 229 3356 nnumine
249 3281 289 3352 in
311 3306 351 3353 se
366 3281 512 3354 collatas
535 3299 671 3378 partes,
707 3283 926 3380 collattuque
958 3279 1073 3356 maxi·

55 3405 106 3454 ma
128 3379 240 3458 officii
260 3381 437 3479 religione
459 3381 756 3460 administrandas
772 3407 856 3456 esse.
905 3388 992 3454 Non
1008 3405 1073 3460 ex·

55 3495 157 3558 trema
171 3481 321 3579 quidem
335 3482 542 3562 conflictans
556 3485 697 3586 inopia,
718 3509 855 3584 pauper
872 3498 994 3560 tanuen
1008 3497 1073 3558 aut

64 3694 99 3775 ·*)
114 3697 159 3756 Er
175 3695 271 3760 Ante
295 3691 360 3756 buc
385 3691 540 3756 refertur:
575 3711 628 3767 so,
658 3713 688 3758 a.
712 3698 741 3772 4
763 3701 813 3766 ss.
840 3691 882 3752 de
907 3689 1071 3774 Cornelia,

118 3775 199 3850 stipe
223 3769 324 3832 multa
350 3769 515 3852 eroganda
539 3772 658 3852 insigni
686 3783 719 3829 et
750 3787 787 3828 ex
819 3765 879 3827 bac
910 3769 1005 3826 sanies
1021 3761 1071 3842 (l)

121 3866 214 3906 causa
239 3850 274 3906 in
294 3865 431 3930 regnum
451 3844 594 3906 diuinum
617 3857 762 3924 recepto.
781 3861 819 3921 9,
837 3841 886 3913 56.
906 3842 945 3902 cl.
961 3849 1009 3920 39.
1028 3839 1073 3900 da

118 3924 267 4000 Tabitha,
288 3947 374 4008 quae
390 3945 461 3988 non
485 3941 609 3988 tantum
635 3917 881 4006 ἐλεημοσυνῶν,
913 3923 1073 3986 seditem

122 4001 258 4088 ἂγαθῶν
280 4001 383 4090 ἔργων
402 4008 500 4101 plana
520 4009 618 4070 inissa
634 4009 778 4071 traditur.
801 4021 836 4080 a,
856 4011 895 4084 44
914 4011 1016 4140 spilli,
1034 4013 1075 4076 8⁸

62 4094 67 4108 ·
121 4103 167 4163 sq.
192 4085 236 4147 de
255 4103 480 4165 cpmmrsnsone
497 4085 656 4146 bonorm
680 4089 765 4144 inter
782 4089 903 4164 primos

120 4179 194 4236 noe,
217 4179 303 4242 quae
322 4157 454 4228 aliunde
472 4159 655 4228 luculenter
674 4160 823 4242 explicui
840 4170 956 4238 potest.

972 4084 1073 4142 ristla·
1157 4088 1160 4096 ’
