2654 4988
205 515 323 605 ·clata‚·
357 534 451 612 quoe
473 533 515 588 ιο
537 509 833 612 loquantur'Dei
861 513 1028 614 legatum
1048 529 1088 590 et
1102 517 1248 594 'tatium

213 621 339 699 atara:
370 633 448 692 tam
471 615 682 692 excitandae
712 641 825 716 quatu
855 618 1071 692 nutriendae
1097 619 1169 692 sint
1195 645 1249 718 pn·

214 721 279 802 ria.
329 719 463 794 -Cu'iue
488 741 568 794 voc.
602 745 679 792 nou
711 721 955 798 exhauserunt
985 745 1055 800 nec.
1086 721 1164 796 vitn
1189 747 1250 796 nas

214 819 508 918 ambitum,.qui
531 819 578 894 ad
602 838 743 917 partem
767 821 864 894 vitae
885 822 1095 896 munerisve
1117 823 1250 912 Christi,

215 925 261 1004 ad
284 922 476 1010 miracula,
507 923 665 994 doctoris
689 921 875 1011 officium,
909 926 1142 1020 exemplum,
1165 924 1251 998 facta

95 1119 97 1124 Ι
213 1023 369 1121 insignia
395 1039 463 1096 oet.
484 1025 764 1113 restrinxerunt,
790 1025 900 1107 unius
924 1026 1001 1098 loci
1024 1051 1162 1098 nexum
1185 1051 1252 1100 sae·

177 1144 182 1152 ·
212 1127 296 1223 pius
328 1125 455 1223 inique
480 1125 626 1216 intuiti,
667 1127 766 1212 unde
797 1123 938 1200 fuctum
964 1144 1039 1216 est,
1064 1145 1109 1200 ut
1130 1153 1250 1225 aequu-

214 1230 392 1308 ltilitutem
416 1224 650 1327 significatus
682 1253 750 1324 per
771 1229 941 1302 locorum
966 1229 1178 1304 varietatem
1202 1227 1257 1302 fu·

213 1347 292 1405 aaut
322 1330 561 1426 negligerent.
613 1331 880 1426 Complectitur
912 1355 1003 1428 opus
1035 1335 1134 1408 vilae
1158 1336 1254 1406 Mra·

213 1436 377 1518 ιίαηιιιιι,
417 1455 493 1528 quo
520 1447 557 1504 et
581 1431 775 1521 miraculo,
818 1448 856 1505 et
882 1431 1039 1506 docendi
1060 1433 1252 1528 provincia,

162 1579 164 1589 ι
214 1551 252 1607 et
277 1533 458 1609 factarum
481 1528 667 1622 sanctitas,
701 1553 738 1608 et
764 1533 888 1608 divina
913 1533 990 1608 vita
1015 1535 1251 1609 continentur.

213 1637 288 1711 snt
309 1659 376 1734 per
400 1636 454 1708 rei
478 1653 642 1708 naturam
669 1638 823 1725 assidit,
859 1652 902 1707 ut
931 1636 1116 1723 variprum·
1141 1637 1252 1712 notio·

213 1739 270 1816 nis
293 1756 466 1816 notarum
493 1763 566 1810 non
592 1762 664 1813 une
689 1757 782 1812 esset
805 1738 1022 1834 applicatio,
1064 1763 1163 1826 nnnc
1191 1740 1250 1810 han

213 1865 312 1915 nunc
337 1840 408 1910 alia
430 1865 451 1910 e
474 1864 659 1912 connexae
684 1841 857 1915 orationis
882 1839 1025 1936 legibue
1042 1855 1250 1936 emergente.

94 1972 97 1982 ¹
213 1949 259 2016 V.
286 1963 321 2028 5,
348 1967 405 2012 ao.
432 1948 491 2028 36.
515 1964 550 2032 7,
576 1969 632 2014 ιιι.
658 1969 692 2036 9,
721 1965 755 2030 3.
778 1960 815 2036 4.
843 1966 900 2030 ιο,
933 1962 991 2028 25.
1019 1962 1087 2028 52.
1107 1964 1172 2031 37.
1200 1960 1252 2028 38.

217 2063 276 2135 14,
310 2068 431 2114 ιο---
458 2067 515 2115 12.
550 2065 607 2130 15,
639 2060 696 2133 ι4.
729 2069 786 2134 17.
818 2060 854 2136 4.
913 2049 1053 2117 Tamen
1077 2068 1252 2140 nunqnam

213 2147 339 2220 nativa
370 2144 476 2216 verbi
508 2145 625 2218 virtus
659 2146 818 2236 interiit,
844 2145 1018 2242 probans,
1058 2151 1251 2221 Ioanneum
1314 2241 1315 2244 Ἴ

214 2249 420 2335 Christum,
446 2247 557 2344 operi
581 2247 755 2322 divinitus
786 2250 919 2324 tradito
944 2247 1150 2337 intentum,
1184 2269 1250 2329 non

213 2349 413 2426 reveritum
440 2373 516 2421 esse
539 2351 711 2422 Messinni
732 2349 893 2424 nominis
914 2345 1191 2446 professionem.
1314 2439 1315 2453 ¹

289 2452 424 2524 Tendit
457 2452 587 2524 eodem
613 2448 710 2526 υἱοῦ
745 2450 862 2544 Stoi,
911 2451 1009 2546 quod
1049 2453 1159 2527 toties
1189 2444 1251 2521 sibi

212 2553 381 2630 vindicat
396 2557 514 2638 Iesus,
540 2577 687 2626 nomen.
736 2555 828 2626 lnde
851 2553 1093 2628 criminantur
1113 2554 1252 2626 Iudaeo·

212 2681 298 2730 rum
323 2655 519 2749 primores,
559 2660 649 2727 Deo·
666 2679 753 2726 eum
782 2681 821 2728 se
847 2675 1011 2753 aequare.
1045 2669 1174 2745 516.
1200 2677 1250 2740 ιο,

216 2779 275 2846 33.
305 2783 361 2849 19,
386 2781 420 2846 7.
471 2763 520 2828 Et
550 2756 716 2853 quamvis
747 2755 882 2831 infitias
914 2779 1024 2828 nemo
1047 2757 1174 2844 iverit,
1216 2755 1251 2824 in

213 2860 457 2939 stablimiorem
479 2881 624 2930 sensum
651 2883 725 2932 esse
750 2875 928 2940 mutatam
950 2859 1132 2932 iudaicam
1157 2879 1252 2930 vota·

214 2961 302 3036 buli.
323 2977 559 3054 potestatem,
584 2963 817 3049 interiorem,
852 2985 967 3056 quana
987 2961 1110 3056 qualia,
1133 2956 1251 3032 ceteris
1313 3047 1314 3058 ἵ

214 3063 435 3136 mortalibus
467 3087 631 3136 concessa
666 3081 738 3151 est,
782 3064 1124 3141 indicantem.‚=auu1
1156 3067 1252 3134 Patro
1313 3131 1314 3158 3

214 3163 528 3252 communionem,
554 3167 754 3237 voluntatis
768 3166 964 3254 unitatem,
986 3189 1163 3244 sensuum
1174 3187 1252 3242 con
1313 3165 1314 3186 ¹

214 3268 383 3342 cordiam
402 3271 457 3358 (ιιι
480 3266 552 3338 Dei
569 3267 672 3362 quasi
693 3269 794 3340 alter
807 3292 883 3390 ego
907 3283 1141 3362 nuncupetur
1159 3263 1252 3338 Chri·

212 3385 309 3443 stus:
335 3371 381 3440 da
408 3385 446 3442 se
471 3366 672 3462 professus:
708 3365 769 3440 ὅτι
796 3363 820 3441 ὁ
844 3363 969 3484 πατήρ
1001 3391 1082 3462 μου
1113 3362 1249 3462 μείζων

214 3495 294 3568 μου,
318 3463 413 3546 ἐστι.
448 3486 505 3563 ι4,
542 3473 635 3560 ιιιι)
676 3487 799 3542 tamen
829 3469 1016 3543 minime·
1010 3472 1171 3543 exclusa
1202 3483 1251 3540 est

212 3573 400 3690 popularis
426 3573 534 3646 notio·
555 3571 730 3644 Massieni
750 3571 909 3644 honoris.
934 3610 987 3627 -·
1000 3579 1056 3644 Ει
1081 3595 1196 3670 quem
1214 3568 1250 3639 in

212 3675 419 3770 Synopticis
444 3675 548 3748 libris
572 3675 758 3763 novimus,
792 3674 991 3770 sapientem
1015 3679 1101 3752 Iesu
1127 3667 1248 3768 agendi

212 3776 392 3863 niodum,
388 3794 439 3849 ut
453 3793 616 3893 tempora
633 3795 875 3870 personaeque
890 3775 1139 3863 discernendo,
1163 3791 1247 3846 mox

143 3947 146 3954 .
212 3880 317 3973 celet,
342 3894 443 3950 metu
465 3873 651 3948 seditionis
677 3895 714 3948 et
739 3878 964 3966 insidiarum,
984 3879 1170 3960 ¹Messinna
1185 3872 1259 3946 nai·r

211 3982 332 4052 racula
359 3996 398 4062 et
421 3978 635 4073 dignitatem
660 4000 769 4070 mox,
805 3978 871 4060 nbi
903 3979 1043 4076 venisse
1068 3979 1141 4052 visa
1162 3989 1247 4050 esset

211 4082 318 4169 hora,
362 4080 545 4176 intrepido
587 4081 710 4154 animo
753 4081 929 4177 aperiret,
969 4105 1011 4154 ea
1048 4082 1089 4154 iu
1122 4093 1244 4176 quarto

210 4181 410 4281 evangelio
433 4201 579 4268 eatenus
600 4177 773 4302 reqitprit,
797 4185 914 4282 quod,
940 4184 1011 4259 etsi
1034 4184 1157 4282 plures
1178 4178 1245 4262 sint
