2648 4990
66 521 150 611 iiit,
164 518 405 615 {essesque
418 525 571 607 munus,
589 517 694 594 estius
710 489 878 618 obeundi
890 519 1095 616 crepiditete
1151 603 1154 610 Δ

67 644 100 696 et
114 623 260 721 ingenti
278 639 317 693 et
334 621 566 694 saeuissime
584 620 808 696 sb*·ineunte
825 639 944 696 eetste
966 621 1096 720 flegre-
1217 692 1225 714 ,

67 727 140 815 tit,
159 742 310 796 strenue
331 722 451 794 tuitus
470 739 535 794 est
586 727 779 794 Summam
799 723 879 796 eius
901 725 1096 814 cretionis,

68 831 189 898 corsus
198 824 389 896 adfluente
403 824 651 899 multitudine
665 823 831 911 habites,
857 826 1011 898 tradunt
1026 851 1097 898 no·
1154 819 1170 847 ‘⁸

69 927 119 998 bis
140 925 403 1024 Evangelistae
434 926 494 997 bis
515 927 660 1000 verbist
701 921 940 1022 μετανοεῖτε,
967 924 1112 1024 ripparii·

70 1028 138 1134 γάρ
155 1024 175 1118 ἡ
194 1026 378 1118 Booibeio
393 1027 475 1128 reiut
494 1023 685 1128 οὐρανῶν.
736 1028 850 1098 Mtth.
866 1042 910 1116 4,
931 1051 987 1116 17.
1020 1030 1097 1101 Mc.

74 1156 109 1216 1,
134 1149 189 1216 15.
249 1133 311 1202 Ex
344 1151 416 1224 qua
457 1129 629 1200 cretione
660 1129 737 1200 duo
766 1129 858 1200 hese
890 1147 1098 1225 emergunt.

71 1230 228 1304 Primum
245 1247 469 1304 revocentur
485 1228 675 1301 auditores
700 1252 720 1300 s
746 1253 896 1302 morum
920 1231 1100 1324 perversi·
1127 1279 1131 1285 ·

71 1349 137 1405 tete
158 1356 199 1403 ec
224 1331 401 1404 sordibus
420 1329 473 1402 'ed
500 1330 640 1406 bonam
655 1328 804 1428 frugem
827 1331 1100 1426 melioremque
1194 1349 1200 1358 '

74 1429 179 1509 enimi
201 1430 563 1517 conformationem
598 1431 686 1504 dein
712 1455 818 1519 vero,
842 1433 882 1502 id
904 1433 1006 1529 quod
1030 1458 1101 1530 no-
1167 1517 1173 1528 1

74 1545 272 1612 strennue
300 1535 457 1610 interest
476 1534 724 1629 perspexisse,
757 1542 915 1631 regnum
943 1537 1102 1607 Messia-

74 1661 157 1710 num
166 1635 391 1709 brevissimo
405 1642 579 1728 ternporis
594 1635 715 1731 spatio
728 1635 796 1727 (ita
807 1635 908 1709 enim
919 1658 953 1706 v.
970 1633 1102 1732 ἤγγικε

75 1737 229 1810 melioris
248 1754 364 1809 notes
379 1739 599 1831 interpretes
619 1738 665 1809 ad
685 1760 808 1807 unum
827 1759 959 1809 omnes
982 1739 1103 1834 expli·

75 1845 162 1932 cent)
176 1837 399 1912 adfuturum
414 1862 493 1910 esse
509 1839 736 1932 perhibetur.

140 1951 265 2038 Atque
283 1941 414 2014 eodem
440 1940 605 2011 tendunt
620 1963 661 2012 ea
677 1941 778 2026 locs,
804 1939 845 2010 in
865 1938 1003 2035 quibus
1026 1966 1105 2014 coe·

79 2039 162 2116 iestis
188 2045 296 2142 regui
326 2043 571 2137 praedicatio,
605 2065 697 2138 quae
731 2033 881 2122 CbrIsto
912 2041 1102 2132 tribuitur,

79 2167 154 2216 eum
187 2146 415 2218 miraculosis
449 2143 528 2217 eius
565 2143 813 2216 sonmionibus
847 2143 1104 2239 coniungitur.

80 2245 182 2320 Mtth.
199 2261 244 2336 4,
275 2267 333 2330 23.
357 2268 400 2337 9,
429 2265 487 2332 35.
513 2248 630 2335 (Luc.
657 2268 760 2338 9,.s.
787 2247 835 2332 6.)
863 2249 1022 2340 Egregie
1037 2245 1106 2341 igi·

80 2361 133 2416 tur
147 2347 460 2443 prsepsrabantur
476 2345 593 2419 enimi
609 2346 657 2419 sd
679 2345 750 2417 rite
767 2345 1028 2439 excipientium
1047 2371 1106 2418 so·

80 2451 289 2540 spitatorem
303 2447 477 2519 futurum
491 2448 817 2544 (quendoquidem
836 2447 1107 2522 ardentissimis

80 2550 167 2621 totis
183 2575 227 2622 ee
247 2540 367 2622 setste
389 2573 409 2620 s
435 2550 617 2646 plerisque
632 2549 777 2623 Iudaeis
794 2548 1107 2644 exspectabatur),

81 2651 305 2744 experiundo
332 2649 512 2724 beneficis
544 2651 642 2738 eius,
678 2651 745 2745 qui
779 2651 927 2724 temetsi
945 2653 1108 2723 Messias

82 2775 211 2826 nomen
223 2751 423 2841 reticebat,
450 2753 587 2846 sportis
604 2770 729 2824 tamen
744 2751 868 2839 verbis
886 2751 1107 2840 declarsbat,

83 2851 162 2924 baec
180 2871 289 2926 tants
308 2854 406 2926 bons
431 2879 516 2926 cum
533 2877 651 2949 regno
676 2853 806 2930 divino
833 2877 949 2948 prope
974 2855 1108 2926 eccele-

83 2973 178 3028 tsnte
199 2981 283 3030 esse
298 2959 508 3028 coniuncta.
558 2956 809 3028 Preesentiem
832 2955 928 3050 regis
945 2955 1110 3026 theocrs·

86 3055 142 3126 tici
158 3059 287 3153 reique
300 3059 512 3130 Messionse
526 3057 621 3130 laete
637 3058 744 3128 initis
768 3081 849 3128 non
872 3054 1016 3127 minore
1034 3074 1111 3131 stu·

88 3155 142 3227 dio
159 3159 271 3231 iussit
290 3159 505 3253 discipulos
521 3183 586 3255 per
609 3158 720 3231 urbes
745 3157 1030 3252 provinciasque
1046 3164 1112 3237 Pa·

87 3257 256 3332 laestinse
269 3260 513 3346 annuntiare,
541 3260 695 3355 quibus,
723 3261 754 3332 si
770 3259 867 3330 nihil
881 3263 1020 3356 magis,
1040 3260 1114 3331 hoc

88 3358 360 3450 tamen'effecit,
389 3380 433 3432 ut
454 3364 566 3434 latius
587 3359 770 3456 proferret
793 3385 917 3432 rerum
935 3361 1114 3434 maxime·

88 3484 164 3530 rum
179 3464 493 3557 exspectationem
512 3480 548 3534 et
565 3463 737 3534 eculeum
750 3463 790 3535 iu
815 3463 950 3538 animis
974 3457 1114 3537 multo'·

88 3585 165 3633 rum
187 3566 425 3658 relinqueret.
473 3565 589 3636 Mtth.
611 3589 674 3647 so,
694 3587 729 3654 7.
764 3570 853 3648 Luc.
873 3590 914 3657 9,
945 3567 1025 3638 nb.
1056 3588 1114 3652 ιο,
1192 3641 1195 3648 ,

91 3685 119 3751 9.
139 3689 190 3734 rt.
240 3672 339 3738 Nem
361 3667 444 3737 sine
467 3665 605 3752 dubio,
631 3665 698 3760 qui
722 3665 829 3762 regni
850 3665 1021 3738 coelestis
1044 3663 1142 3742 ini·.

80 3763 137 3832 tis
152 3767 288 3840 instate
303 3767 525 3856 audiebant,
547 3767 675 3838 Iudu'ei
688 3766 785 3837 nihil
799 3765 900 3861 prius
916 3767 988 3840 sibi
1008 3789 1117 3860 quse·

92 3867 243 3944 rendum
277 3883 508 3964 putaverunt
544 3869 632 3944 sede
671 3867 877 3964 ceterisque
912 3863 1118 3940 virtutibus

93 3966 260 4063 principis
284 3970 396 4042 buius
418 3965 536 4068 regni.
587 3974 689 4066 Ergo
703 3969 776 4040 'hec
799 3968 955 4064 provide
979 3984 1016 4039 et
1032 3992 1118 4062 pru·
1165 4009 1167 4014 ,

95 4064 197 4140 dente
214 4069 360 4151 ratione
376 4096 453 4154 rem
470 4093 665 4168 aggressus
686 4072 893 4156 Dominus,
916 4087 1119 4164 utrumque

96 4182 146 4234 est
157 4191 397 4268 assequutus,
423 4190 521 4248 utet
538 4173 820 4246 reiMessianee
840 4193 924 4267 spes
950 4171 1121 4241 alacriter
