2648 4990
447 397 859 478 ...m-29*-

125 545 483 664 Maglcmdlendur
498 563 616 640 esset,
635 547 668 621 si
683 543 942 646 quisptobere
955 547 1104 648 posset,
1125 553 1173 626 sd

125 645 501 742 Mometro'osem,
525 650 1033 726 mersuamosrudrsom
1046 655 1172 746 duces,

126 759 302 831 animum
310 706 522 828 monde
529 768 771 862 ,aemnqne
780 753 974 826 seurem'r
948 712 1172 874 respexisti,

126 885 198 958 qur
185 841 489 945 defelldere,
515 852 758 930 subfutmi·
759 855 859 954 regis
880 856 1054 952 auspiciis
1077 860 1174 930 redi-

124 951 478 1048 munerationem
499 955 769 1044 instituebant,
800 957 864 1029 sed
888 957 972 1030 cius
988 959 1172 1033 reinulla

115 1061 290 1161 ¹veratigia
318 1061 408 1136 satis
432 1076 530 1132 certa
553 1059 598 1130 ιιι
623 1011 1070 1178 historiistreperirmtur.
1122 1065 1174 1134 Elt

127 1181 245 1238 erran
255 1159 524 1236 laurentibus
545 1157 722 1247 Hebraei
727 1160 842 1234 tantis
859 1161 995 1232 mais
1005 1159 1174 1234 catami-

113 1261 332 1362 nimique?
338 1261 476 1352 dediti,
500 1279 569 1336 tot
583 1261 744 1334 miseriis
759 1261 975 1354 obnoxii(
959 1265 1174 1358 mprimor·

127 1364 203 1440 dils
216 1366 350 1438 rerum
367 1361 537 1436 civilium
559 1379 601 1442 et
615 1385 802 1436 sacrarum
825 1387 911 1437 non
922 1361 1015 1436 sine
1031 1365 1174 1466 magn'o

126 1465 554 1578 molimineoondendis
571 1468 643 1536 toti
661 1465 847 1562 occupati,
865 1481 913 1536 ut
927 1465 1039 1538 citius
1052 1467 1098 1537 ab
1115 1491 1173 1540 er·

125 1567 216 1644 rum
230 1569 411 1643 memoria
426 1565 617 1666 refugeret
626 1583 866 1661 posterorum
880 1567 1041 1656 animos,
1060 1590 1173 1664 quam

129 1673 179 1748 ed
200 1673 271 1744 bas
295 1672 514 1774 pbentcsiae
536 1669 679 1742 auxilio
700 1669 939 1741 exorrrandas
965 1669 1174 1766 quidquam
1204 1711 1207 1718 ·

113 1775 298 1850 aalma
336 1761 505 1846 Doridis
532 1790 659 1843 autem
688 1789 819 1846 oetaeo
840 1769 1080 1844 intellectum
1103 1789 1173 1862 est,

129 1875 285 1984 quirtis
299 1873 443 1948 viribus
466 1873 613 1968 polleat
631 1894 742 1970 gens,
770 1871 1096 1968 sibi·1psi,fidenr
1118 1897 1174 1948 aa·
1195 1895 1202 1916 ·

113 1962 1175 2160 ³urrannrennerunt

129 2177 256 2253 atibus
273 2175 490 2267 debellatis,
517 2175 612 2250 lines
628 2177 853 2250 ludaeorum
863 2199 942 2276 agri
932 2177 1073 2251 latius
1084 2203 1175 2274 pro·

127 2281 369 2372 ferebamur,
396 2279 533 2354 vicinis
562 2279 714 2374 quoq'ue
742 2278 959 2378 gentibus
944 2301 986 2350 ιιι
1009 2275 1174 2354 foederis

130 2386 350 2461 societatem
368 2381 539 2478 receptis.
587 2385 727 2454 Rerum
745 2380 916 2454 civilium
938 2363 1175 2454 administra·

114 2486 190 2558 ·tio
214 2485 455 2582 popularium
475 2484 647 2556 salutem
652 2482 838 2554 mirifice
820 2485 956 2566 ruvit3
971 2501 1009 2554 et
1030 2483 1173 2556 artibus

111 2587 323 2675 colendis,
352 2602 392 2658 et
413 2609 563 2658 morum
588 2584 786 2680 disciplina
807 2585 1060 2673 emendanda,
1093 2585 1176 2658 veri
1247 2619 1255 2636 ι

129 2689 298 2786 denique
323 2687 385 2760 dei
419 2688 527 2758 cultu
553 2683 790 2758 restituendo
816 2686 1087 2782 splendideque
1111 2709 1175 2759 au-

130 2789 273 2908 gendo.
325 2789 436 2887 Quod
451 2812 543 2862 voro
556 2787 767 2860 Davideum
781 2789 944 2883 excepit,
970 2791 1176 2862 Solomonis

126 2889 353 2988 imperium,
379 2889 579 2988 spectabile
602 2887 757 2985 quidem
780 2889 879 2960 illud
898 2913 946 2962 ac
963 2889 1174 2986 pacificum,

126 3009 263 3066 tamen
294 3017 446 3083 eorum,
483 2992 549 3088 qui
577 2991 729 3088 pterim
746 3015 833 3063 vere
863 3010 1032 3064 amantes
1056 3007 1174 3088 erant,

129 3095 312 3212 plausum
332 3119 415 3172 non
435 3046 539 3166 dulit.
592 3097 712 3182 Nem,
746 3091 835 3165 licet
852 3115 989 3192 magna
1012 3085 1092 3166 bius
1108 3097 1176 3164 'au-

131 3198 287 3268 ctoritas
302 3220 416 3290 penes
432 3212 581 3270 exteros
595 3210 709 3285 esset,
733 3212 962 3267 mercaturae
973 3193 1176 3268 necessita·

131 3297 226 3368 dine
244 3296 412 3387 firmata,
444 3313 573 3370 tamen
600 3295 790 3368 luxuriam
810 3313 849 3367 et
865 3295 1176 3394 intempestivum

131 3399 376 3494 splendorem
382 3395 636 3516 praeferende
655 3421 735 3470 esse
749 3394 860 3496 duxit
881 3399 1025 3472 solidae
1046 3397 1177 3473 mode·

129 3500 207 3572 rati
233 3500 413 3597 principis
436 3499 596 3597 gloriae,
623 3523 694 3571 nec
713 3489 910 3598 ingenium
933 3499 1090 3596 populi,
1114 3498 1176 3572 cui

111 3601 362 3698 imperabat,
374 3604 472 3674 satis
487 3617 726 3697 perspectum
739 3600 887 3673 babuit·
920 3597 1176 3674 Effecite'nim

128 3702 379 3776 immoderata
408 3701 630 3784 aedificandi
664 3701 956 3800 luxuriandique
987 3703 1174 3800 cupidine,

128 3821 179 3876 ut
201 3805 445 3903 vectigalium
469 3828 566 3877 onus
588 3805 788 3904 humerps
775 3805 997 3900 unpositum
1016 3805 1175 3878 moleste

128 3903 290 3980 ferrent
305 3908 514 4002 populares
532 3893 706 4004 inprimis
730 3905 788 3995 hi,
827 3906 933 4004 qui
928 3904 1115 3978 tribubus
1127 3902 1174 3976 ab

129 4008 411 4106 Hierosolymis
426 4007 693 4110 remotioribus
711 4023 816 4081 erant
829 4007 1022 4102 adscripti,
1043 4031 1175 4104 resque

129 4130 255 4181 novas
271 4095 516 4182 molirentur
504 4107 681 4206 ,quibus
696 4108 840 4182 labanti
851 4107 1083 4206 reipublicae
1101 4133 1173 4179 me·

130 4189 261 4282 delam
283 4193 476 4347 afferrent.-
523 4217 658 4311 Neque
687 4210 736 4284 ab
755 4209 948 4285 idolorum
971 4207 1079 4284 cultu
1101 4208 1175 4282 rub
1291 4245 1295 4256 .
