2654 4988
524 418 646 450 ὴ·-
697 397 775 484 ssa
821 415 946 458 -··--

84 597 86 602 ·
209 561 390 639 accedunt
415 552 642 634 Zebedaidae
663 559 699 652 *)
744 570 964 634 aureorum
990 545 1126 647 mater,
1162 545 1247 632 iaso·

115 749 129 776 e
210 667 332 742 lenter
355 679 521 760 petentes
546 662 739 762 proximos
768 676 853 761 post
886 663 1060 736 Messium
1092 661 1132 733 iu
1154 685 1249 782 repu-
1306 677 1307 684 ’

134 785 138 790 ’
210 769 309 846 blica
333 769 501 840 honores.
553 769 701 837 Horum
725 768 778 838 ita
800 766 948 862 repellit
965 779 1169 862 arrogantes
1190 766 1251 835 im

212 887 344 970 petus,
371 883 414 940 ut
438 869 483 941 ad
504 867 771 941 calamitatum
780 868 1018 940 acerbitatem
1040 865 1113 940 sibi
1131 868 1257 938 οιιΙιιιι

194 975 378 1048 ‚tiendum
403 989 549 1044 rursum
578 983 772 1094 provocet,
810 979 985 1068 tanquam
1009 970 1062 1040 ad
1089 981 1165 1040 tem
1189 969 1254 1064 pri·

211 1075 369 1150 mariam
396 1091 434 1148 et
456 1077 718 1161 certissimam,
745 1073 831 1145 dein
858 1073 1030 1144 audacius
1054 1068 1254 1144 declaranti·

130 1219 134 1228 ·
213 1175 285 1251 bus
317 1193 424 1251 suam
455 1177 501 1248 ad
536 1159 755 1250 societatem
783 1189 1053 1276 aerumnarum
1082 1189 1254 1270 promtam

208 1283 471 1368 voluntatem,
496 1293 573 1350 nors
598 1279 773 1350 concedat
798 1279 1016 1364 mercedem,
1043 1275 1143 1349 aed*
1132 1286 1256 1372 rm'por·

214 1382 326 1454 turma
348 1381 403 1452 ad
434 1387 559 1454 Deum
580 1381 735 1477 alleget,
782 1383 823 1454 in
856 1381 961 1454 cuius
994 1381 1043 1454 sit
1078 1393 1255 1476 potestate,
1308 1392 1309 1476 ι

214 1469 398 1583 quidquid
422 1486 575 1556 attineat
598 1483 725 1556 futura
749 1483 921 1580 praemia.
986 1482 1151 1553 Proinde
1169 1505 1256 1553 com·
1308 1493 1309 1526 Ψ

214 1590 366 1660 mandat
391 1611 468 1659 non
493 1587 563 1676 sui,
585 1588 648 1658 aed
674 1585 834 1659 aliorum
856 1606 1023 1657 amorem
1050 1601 1087 1656 et
1106 1583 1257 1654 ministe-

214 1688 327 1762 rium.
383 1690 588 1784 Imperium
610 1691 652 1762 in
677 1711 722 1760 eo
749 1691 932 1785 quaerite,
971 1703 1016 1758 ιιι
1040 1687 1197 1760 aliorum
1218 1685 1257 1756 ds

213 1791 336 1866 salute
359 1792 489 1864 vestris
511 1791 673 1863 invicem
698 1789 832 1864 officiis
854 1789 1083 1863 mereamini.
1105 1787 1257 1884 ίυ-ἰροίἀ

211 1892 348 1990 igitur,
380 1893 603 1966 credibilem!
625 1908 696 1983 est,
734 1891 863 1966 acerbe
887 1909 925 1964 et
949 1913 1075 1965 severe
1096 1890 1258 1988 repulisse

116 2035 119 2042 λ
214 1993 506 2068 Zebedaidarum
527 1997 772 2091 arrogantiam
798 1995 1004 2085 Christum,
1048 1995 1149 2067 Petri
1171 1995 1258 2088 puri·

215 2111 274 2170 ter
292 2101 450 2172 animati
464 2099 717 2196 quaestionem
743 2123 861 2195 aequo
879 2100 1007 2170 tulisse
1030 2099 1167 2186 animo,
1190 2096 1257 2167 imo

214 2195 383 2289 favente,
424 2201 594 2297 augendo
618 2227 721 2314 apem
743 2201 834 2272 seria
858 2197 1205 2296 promissionei-
1227 2195 1257 2267 b.

214 2302 387 2374 Indicum
413 2328 550 2376 munus
572 2307 639 2423 per
663 2301 1078 2376 tribusPalaestinenses
1104 2323 1259 2373 exercen-
1310 2287 1311 2346 Ψ

121 2395 130 2416 ’
216 2404 309 2478 dum
334 2417 410 2478 uon
436 2406 607 2499 congruit
631 2429 718 2476 cum
743 2407 875 2478 iudicii
899 2403 1116 2476 universalis
1143 2401 1259 2476 descri-
1310 2397 1311 2440 Ψ

215 2509 357 2602 ptione,
383 2531 477 2604 quae
502 2507 597 2580 infra
625 2527 685 2592 ιι,
704 2527 747 2592 31
768 2531 820 2604 sq.
846 2515 911 2580 est.
963 2511 1100 2578 Utrum
1129 2507 1259 2578 Christo

97 2644 100 2653 ·
215 2607 524 2684 convenientius?
587 2614 639 2680 Ut
672 2611 719 2681 da
752 2609 888 2706 dispari
922 2609 1083 2681 docendi·
1110 2607 1259 2681 formula

214 2717 373 2786 loannea
399 2737 498 2784 nunc
524 2729 675 2787 taceam.
733 2713 816 2784 Nisi
842 2711 941 2784 forte
965 2735 1052 2783 cum
1080 2709 1259 2794 chiliastis,
1310 2765 1311 2774 ,

214 2816 381 2916 perfecto
405 2813 544 2886 iudicio
567 2813 798 2886 universali
787 2840 825 2885 ιιι
847 2814 947 2886 orbis
962 2815 1125 2910 populos
1141 2811 1261 2885 haben·
1310 2815 1311 2818 ’

216 2920 286 3007 do,
312 2918 420 2992 malis
448 2917 746 2990 Christocratiam
772 2916 1106 3010 Palaestinensem,
1124 2911 1260 3008 satrapis

216 2974 412 3116 apdstoiis,
437 3019 769 3116 significatama-
791 3043 836 3096 ο.
863 3025 911 3092 Et
935 2997 994 3107 hi,
1021 3019 1090 3116 qui
1115 3017 1260 3091 ironiam

93 3113 103 3136 '
215 3133 373 3219 negant,
414 3123 551 3194 diserta
583 3123 644 3191 vel
670 3123 835 3220 genurnd
860 3129 942 3194 Iesu
969 3075 1110 3194 derha
1107 3145 1185 3194 esse
1208 3128 1261 3188 ne·

216 3238 315 3322 gant.
368 3230 445 3296 Aut
471 3225 517 3302 ad
542 3226 762 3324 allegoriam
785 3223 1025 3321 confugiunt,
1069 3225 1170 3322 quod
1195 3231 1262 3292 erat

215 3324 504 3426 probandum,
498 3350 573 3398 non
598 3327 838 3420 sumendum,
866 3344 930 3400 aut
951 3327 1052 3423 quod
1080 3330 1262 3398 multoest

216 3431 408 3519 audacius,
461 3437 549 3502 cum
581 3453 630 3500 ex
665 3428 872 3500 coniectura
897 3428 1131 3501 coniecturae
1155 3423 1261 3500 innisa

101 3596 104 3606 ,
215 3533 265 3606 sit
288 3531 440 3621 dictum,
466 3557 526 3604 vv.
545 3555 565 3606 a
591 3531 770 3604 Matthaei
796 3533 995 3621 redactura,
1019 3532 1172 3605 homine
1195 3524 1262 3598 chi·

214 3635 380 3722 liastico,
412 3589 632 3731 interpolata
662 3633 842 3707 dictitant.
906 3635 1004 3731 Quid
1030 3635 1129 3706 enim
1154 3626 1260 3723 'magis

216 3736 452 3810 arbitrarium
479 3753 550 3824 est,
578 3761 690 3834 quam
715 3748 878 3834 quorum
906 3739 953 3810 de
978 3735 1163 3810 authentia
1188 3730 1261 3803 nul·

170 3842 175 3860 Ψ
215 3840 283 3913 lis
299 3839 459 3914 externis
490 3838 660 3911 subsidiis
695 3839 867 3912 dubitare
902 3840 1090 3937 cogimur,
1131 3860 1190 3911 vv
1214 3829 1259 3903 ob

216 3944 425 4042 argumenti
446 3941 693 4016 indecentiam
722 3967 744 4015 a
765 3959 872 4016 textu
891 3942 1135 4052 proscribere,
1158 3955 1260 4040 quam

221 4109 431 4130 ψ

254 4189 288 4270 ¹⁸)
307 4193 389 4253 Tres
409 4191 649 4254 familiarissimi
664 4178 791 4266 Petrus,
811 4185 963 4265 Iacobus,
983 4187 1124 4254 ioannes
1140 4183 1183 4250 ob
1202 4180 1258 4243 hoc

278 4271 399 4349 ipsum
419 4270 713 4372 arrogantiores!
