2576 4994
338 360 462 418 ,³¹⁸-
516 345 588 418 2'99
641 351 761 388 -u-tb

48 517 110 592 que
126 489 233 564 uadit
259 490 433 588 eoduma,
474 512 645 564 ammone
672 483 1069 591 tsbtnctrnnsn')

47 593 213 668 intravisse
227 595 540 690 caphat-naaman
556 591 683 690 ibique
698 593 874 668 sanavisse
887 597 1068 670 centutic-

45 697 93 768 nis
113 715 262 768 unm.

62 819 64 826 ·
107 804 152 870 iit
182 817 274 894 quas
306 795 348 868 iu
371 795 407 867 it.
433 795 547 868 scinu
576 795 746 889 pericopa
777 795 1068 892 deprehenditur,

42 898 193 970 -nartandi
217 897 420 985 divatmas,
444 898 603 989 speciosa
624 896 739 993 magis
754 895 829 984 iila,
856 920 964 994 quam
980 921 1068 999 gru·

45 1004 91 1072 cit
108 1015 143 1072 ei
155 999 274 1074 suna
294 999 349 1070 rei
362 1017 543 1068 summunt
563 1013 601 1070 et
623 996 829 1068 orationum
853 1003 1069 1073 conwoion·

45 1103 118 1172 tiam
142 1100 295 1170 minime
326 1097 483 1195 &tingit
505 1095 571 1186 **)’
603 1097 710 1193 Quod
742 1119 832 1172 veto
862 1103 1072 1176 Matthaeus

45 1203 144 1272 tradat
173 1205 223 1292 (5,
253 1203 307 1290 ι.)
337 1205 458 1272 Iesum
494 1197 718 1272 adscendisse
750 1217 914 1272 montem
944 1202 1070 1300 ibique

40 1303 249 1389 consedisse,
278 1307 395 1374 Lautus
425 1303 479 1396 (6,
505 1301 582 1392 u7.)
604 1323 676 1370 nna
702 1321 788 1372 oum
814 1299 1001 1399 discipulis
1024 1307 1068 1378 ati

42 1429 74 1476 tc
94 1403 250 1490 vocatis,
271 1403 493 1476 descendisse
517 1417 556 1472 et
576 1399 615 1471 in
632 1401 716 1472 loco
733 1399 844 1498 ¹piatio
865 1405 1070 1478 constitisse

40 1499 134 1597 (iota
159 1495 223 1580 iai
246 1506 374 1580 educo
398 1500 578 1590 πεδινοῦ),
603 1501 642 1572 id
667 1501 818 1598 quidam
844 1506 910 1576 cix
935 1508 1071 1604 perspi·

41 1606 105 1692 cio,
127 1605 317 1702 quomodo
342 1607 532 1676 cordatum
555 1604 731 1674 lectorem
761 1604 800 1676 iu
826 1607 1069 1702 suspicionem

41 1707 249 1780 diversorum
273 1707 520 1780 mmnonum
542 1703 748 1777 memoriae·
762 1707 989 1804 proditarum
1008 1711 1071 1782 ad·

33 1809 351 1905 tuaempotnssit.
401 1807 475 1879 Ubi
489 1805 588 1878 anim
604 1824 862 1904 argumentum
882 1812 1071 1884 tumulate

38 1911 204 2006 loquum,
233 1910 321 2008 quid
347 1909 491 1982 tandem
518 1908 642 1986 valent
667 1908 768 1980 taiss-
783 1909 985 1984 minutiaei
1011 1915 1071 1984 vel

39 2013 267 2084 conditione
287 2033 418 2108 patum
449 2007 520 2080 sibi
551 2024 739 2080 constante
766 2007 968 2104 profectae,
1008 2017 1080 2086 vel·

40 2137 79 2186 na
99 2115 147 2186 ita
177 2115 332 2212 quidem
364 2127 609 2205 comparatae,
648 2125 693 2180 ut
722 2129 849 2184 verant
869 2134 1070 2209 repugnan-

39 2214 118 2286 tun
139 2217 307 2312 prodant.
359 2213 456 2312 Quid
480 2211 580 2282 enim
603 2209 733 2299 obstat,
758 2233 832 2308 quo
857 2215 979 2286 minus
1002 2233 1069 2290 sta-

40 2331 187 2404 tuamus,
228 2315 361 2390 rectius
393 2329 490 2386 ceno
519 2311 718 2384 comanus
758 2314 845 2386 haec
885 2317 1071 2404 tradidisse

39 2421 181 2506 Lucam,
206 2418 272 2490 cui
294 2417 512 2492 introductio
534 2417 578 2486 in
594 2416 684 2488 ianas
699 2419 899 2488 oratiorum
913 2421 1070 2512 utnpiior

28 2519 134 2590 unica
159 2517 336 2608 debetur,
371 2520 423 2590 ita
457 2533 501 2588 ut
526 2539 584 2586 ne.
605 2537 697 2611 opus
727 2517 877 2612 quidem
898 2519 946 2589 sit
971 2521 1069 2594 adiu·

28 2638 153 2692 tnantc
176 2628 343 2708 Gnosis,
363 2643 443 2692 rem
462 2615 707 2712 expedientis,
729 2634 773 2688 ut
794 2619 977 2712 Cinnam
1001 2639 1072 2693 ste·

40 2719 114 2792 tissa
137 2721 235 2794 dieat
256 2723 296 2794 in
319 2717 483 2816 planitie,
506 2721 594 2788 dum
611 2733 777 2812 aegrotos
796 2721 997 2794 valetudini
1018 2749 1072 2794 re·

38 2821 210 2910 aduinus,
253 2823 385 2896 sedisse
415 2817 546 2892 deiude
577 2817 736 2890 decons
763 2815 804 2890 in
830 2839 992 2912 moreni,
1032 2825 1072 2896 in

40 2941 160 2998 monte
178 2924 254 3011 Ψ)
293 2949 380 2996 cum
419 2936 606 3020 praecepta
636 2919 875 2995 exordiretutt
938 2929 1072 3000 Nonne

27 3023 203 3101 ¹sitimvol
224 3026 266 3100 iu
285 3025 425 3100 olivum
448 3021 570 3096 utinm
592 3019 734 3094 editum
754 3023 933 3122 latiusque
948 3043 1071 3122 paten-

43 3183 62 3204 ·
73 3187 128 3204 ..ΙΙΙ
261 3174 267 3192 Ι
346 3175 350 3188 t

56 3273 83 3354 *i
101 3277 207 3358 Qum
227 3275 411 3352 Matthaeus
431 3251 618 3359 anteponit,
639 3271 686 3334 de
700 3271 831 3352 leproso
848 3249 885 3336 in
902 3277 1074 3339 mediavit

106 3371 244 3429 sanato,
261 3349 501 3414 narratiuncula
520 3349 562 3426 (8,
584 3367 597 3410 t
613 3381 651 3393 -
666 3348 709 3426 5.)
714 3389 727 3422 ,
755 3369 793 3408 ea
814 3365 847 3410 et
865 3351 961 3414 facile
980 3373 1073 3432 prae·
1206 3387 1213 3399 ·
1270 3377 1271 3394 κ

106 3435 195 3490 teriri
213 3441 339 3508 poterat
358 3425 399 3488 ab
420 3419 570 3508 nisiaea
590 3427 694 3484 minus
718 3439 881 3501 accurato,
905 3443 938 3490 et
956 3433 991 3488 in
1006 3429 1074 3488 vul·

107 3516 139 3594 gi
159 3512 255 3574 turba
281 3519 474 3582 constituto,
510 3521 542 3568 et
561 3505 631 3566 talis
650 3519 714 3577 est,
731 3517 783 3564 ‘ut
803 3509 917 3572 eadem
937 3507 986 3570 bis
1005 3531 1075 3570 sae-

106 3594 248 3668 piusque
286 3587 401 3650 iisdem
438 3603 547 3644 rerum
580 3583 861 3644 minutissimarum
902 3589 1074 3648 momentis

107 3677 198 3744 gesta
220 3681 289 3723 esse
309 3663 405 3726 facile
427 3657 486 3725 tibi
504 3653 708 3751 pessundans.
747 3655 1074 3731 CetteLuc.5.12—

108 3743 145 3814 ¹4
201 3739 242 3799 ci.
273 3739 423 3874 infrimis
443 3733 475 3800 itt
498 3757 558 3820 μιᾳ
580 3731 648 3797 τῶν
668 3728 798 3798 πόλεων
819 3757 848 3796 ν.
871 3739 928 3813 12.)
957 3736 1023 3796 Mc.
1046 3757 1074 3810 t,

279 3835 290 3874 t

106 3737 260 3947 §ob-'ilis
317 3837 368 3876 em
386 3817 508 3878 iactum
527 3813 629 3891 tradi,
656 3829 723 3889 est,
758 3813 850 3897 quod
867 3809 1076 3876 vehementer

55 3973 104 4051 ii‘)
118 3907 405 4046 Suculiitilllllcueu.
424 3983 448 4044 l.
469 4004 498 4046 c.
515 4001 551 4062 9¹
568 3963 616 4062 so.

57 4062 126 4142 Μ)
147 4069 268 4148 Quod,
297 4070 393 4156 quale
414 4083 470 4147 sit,
498 4089 536 4135 nt
555 4071 727 4134 dilucidius
747 4073 999 4154 intelligeretur,
1019 4089 1078 4146 pc·

111 4157 196 4208 terat
219 4149 361 4227 adsiste,
381 4152 603 4214 sublimiorem
622 4157 793 4232 regionem
810 4155 962 4228 aptiorem
980 4145 1077 4205 tuisse
