2654 4988
504 402 942 488 ‘uu-460*

214 565 347 738 nuiuqs
378 563 535 638 Domini
566 565 702 642 anticos
727 567 862 662 mna,
894 585 939 642 ut
964 587 1018 644 att
1031 572 1089 646 'iit
1114 577 1257 652 vetustis

212 691 309 741 versi
334 691 397 744 ust
617 687 621 697 '

196 903 201 920 Ι
250 819 351 896 Volat
368 836 432 896 avit
451 838 524 898 siue
541 851 646 913 meta,
694 836 771 918 Quo
789 856 856 902 nec
874 854 962 902 vater
977 858 1046 904 mec
1063 840 1225 926 propheta

491 929 639 990 Evolavit
658 929 769 994 ultius:

249 1017 517 1101 Tumimpleudu,
534 1041 629 1102 quarn
639 1021 783 1102 impleta,
797 1025 976 1108 Nunquam
991 1025 1074 1092 vidit
1087 997 1258 1092 tottecrett

358 1106 362 1117 ’
488 1114 591 1176 Purus
610 1109 710 1176 homo
729 1119 854 1196 purius.

287 1280 402 1354 Citius
426 1279 661 1378 exspectaris,
687 1295 730 1352 ut
756 1279 803 1352 da
828 1273 1015 1384 αὑθεντίᾳ
1038 1281 1147 1377 libri,
1179 1307 1257 1356 cou-

175 1377 401 1456 ‘venienter
427 1385 472 1456 ad
498 1384 555 1473 id,
599 1381 701 1479 quod
730 1383 966 1481 promisimus
996 1410 1126 1481 supra,
1168 1385 1256 1458 dica·

210 1500 284 1558 tur.
333 1492 384 1557 At
409 1510 483 1557 non
510 1484 705 1582 requirent,
732 1487 806 1583 qui!
821 1485 1046 1580 reputarint,
1080 1485 1256 1559 aberratu-

209 1612 289 1663 ram
315 1587 366 1670 ita
392 1588 679 1690 disputationem
703 1587 812 1660 aliua
833 1611 912 1682 suo,
936 1605 975 1660 et
990 1608 1253 1684 argumentum,

210 1685 412 1790 isagogicis
437 1683 569 1762 scholis
603 1689 789 1784 debitum¹
834 1705 1106 1785 occupaturam.
1183 1697 1254 1762 Neo
1289 1740 1294 1750 ·

153 1853 167 1892 ⁴,
212 1792 317 1863 decet
341 1817 407 1865 nos
433 1792 543 1863 Iliada
578 1809 662 1888 post
687 1799 894 1865 Homerum
919 1791 1087 1866 scribere.
1152 1799 1253 1882 Nam,

210 1895 343 1993 quibus
372 1896 443 1986 iris:
464 1895 596 1966 nostris
625 1895 751 1968 diebus
778 1893 939 1991 speciose
968 1893 1182 1992 impugnata
1204 1911 1252 1968 est

154 2000 157 2008 “
203 1995 707 2091 'aruris'ajio's'tolica'indoles
729 2014 767 2069 et
795 1996 965 2066 canonica
990 1996 1081 2068 libri
1103 1995 1252 2068 auctori·
1313 1990 1315 2001 '

200 2091 281 2188 las,
318 2094 460 2174 etiamsi
485 2101 654 2174 nolueris'
676 2097 794 2172 dicere
819 2122 839 2172 a
864 2101 949 2170 lusu
976 2097 1120 2194 ingenii
1152 2099 1251 2172 mini·

205 2195 317 2299 ¹strata
343 2205 447 2289 esse,'
489 2205 612 2274 tam'en
637 2203 688 2275 ita
712 2202 838 2275 videre
864 2216 919 2274 est
945 2203 1114 2296 repulsos
1141 2201 1249 2298 impe·
1319 2291 1320 2298 ἵ

201 2313 269 2376 'tus
295 2304 450 2376 strenuis
476 2304 681 2400 peritorum
706 2303 891 2395 vindiciis,
930 2319 993 2391 ut,
1030 2320 1179 2374 auctore
1203 2327 1248 2373 re·

200 2421 384 2504 ¹tractante
418 2406 655 2498 sententiani,
686 2405 880 2480 servierint
909 2408 1061 2478 extemis
1095 2408 1248 2477 internis·

209 2536 281 2608 que
306 2509 530 2605 argumentis
555 2509 794 2606 aequabiliter
816 2531 883 2605 pro
907 2523 1006 2577 tanta
1026 2505 1081 2579 rei
1102 2505 1250 2604 antiqui·
1318 2527 1319 2570 l

202 2607 282 2682 'tate
308 2625 529 2708 temperatae
563 2611 770 2684 auctoritati
795 2609 1025 2706 aperiendae,
1078 2614 1248 2706 utrimque

202 2711 359 2788 ¹diceudo
383 2713 554 2800 veritate,
582 2739 674 2810 quae
702 2712 902 2808 antiquitus
927 2711 1067 2801 valuit,
1091 2713 1246 2785 restituta
1317 2781 1318 2796 ,

206 2833 244 2889 et
269 2817 308 2887 in
342 2817 437 2886 clara
469 2815 552 2886 luce
579 2817 707 2911 posita.
764 2821 862 2886 Nam
896 2830 940 2884 ut
967 2821 1125 2888 externis
1158 2813 1247 2898 testi·

201 2918 339 3010 moniis
366 2918 644 3014 inexemplum
670 2941 860 3014 perversae
893 2913 1079 3014 σκέψεως
1114 2917 1247 2988 histori·
1316 2989 1317 3012 ζ

199 3021 286 3110 cae,
314 3043 516 3116 quaecum
542 3020 675 3114 probet
702 3022 871 3106 nimium,
897 3043 973 3088 non
999 3036 1054 3090 est
1081 3011 1166 3090 rere
1190 3043 1246 3090 no·
1316 3017 1317 3074 l

202 3121 316 3196 ruinis
342 3122 410 3210 sui,
433 3137 518 3192 sunt
542 3121 654 3208 abusi,
679 3121 730 3192 ita
757 3145 849 3218 quae
876 3119 1017 3218 generis
1040 3122 1170 3196 interni
1193 3121 1245 3192 ad·
1316 3115 1317 3203 l

205 3225 390 3310 dideraut,
430 3219 712 3324 psycholbgicue
737 3223 821 3293 artis
849 3222 993 3294 criticae
1019 3239 1057 3293 et
1082 3222 1246 3294 subtilio·
1315 3269 1316 3332 q

203 3327 253 3399 ris
287 3325 414 3398 iudicii
445 3326 485 3396 in
517 3324 746 3398 diiudicanda
788 3323 922 3395 Christi
960 3349 1113 3420 persona
1155 3324 1216 3397 del
1233 3369 1243 3385 ·

203 3447 305 3501 ctum
342 3427 521 3526 aperiunt.
595 3425 747 3522 Propius
778 3450 877 3497 nunc
908 3427 953 3497 ad
988 3428 1180 3498 indicanda
1203 3430 1243 3500 de

153 3557 156 3571 ’
200 3521 339 3604 Messio
365 3546 403 3599 et
427 3528 610 3602 Messiano
644 3553 759 3628 regno
783 3526 825 3600 in
850 3529 887 3602 h.
920 3529 1112 3602 volumine
1137 3531 1242 3628 capita

200 3634 415 3708 accedimus.
1056 3705 1059 3715 f
1160 3649 1164 3656 '

200 3789 203 3794 -
279 3735 449 3807 Formula
475 3731 676 3824 βασιλείας
693 3729 767 3808 τοῦ
787 3731 893 3808 aaut
924 3732 964 3805 in
993 3733 1029 3806 h.
1055 3732 1239 3808 volumine

71 3831 84 3842 ’
202 3861 290 3909 rara.
322 3858 354 3924 3,
392 3855 424 3922 3.
448 3855 482 3920 5.
505 3837 551 3906 cl.
581 3856 637 3921 ιθ,
671 3838 730 3922 36.
783 3842 934 3908 Causam
961 3859 1028 3908 nos
1053 3837 1162 3926 ineo
1184 3856 1239 3929 po·

200 3938 307 4008 sitam
331 3937 529 4025 credimus,
550 3937 649 4033 quod
674 3937 781 4026 liber,
806 3962 826 4010 a
852 3938 966 4036 patria
992 3937 1238 4035 superstitione

199 4037 348 4110 auersus
381 4040 427 4110 ad
454 4040 637 4112 liberalem
671 4041 878 4112 divinarum
918 4065 1042 4113 rerum
1083 4056 1236 4111 contem·

201 4140 403 4236 plationem
435 4141 625 4212 traducens
666 4140 761 4212 bene
796 4141 994 4231 animatos,
1037 4167 1111 4216 non
1144 4156 1235 4210 totus

200 4243 338 4336 pendet
361 4265 383 4313 a
407 4243 559 4318 notione
581 4243 807 4318 iudaioarum
829 4242 1040 4343 originum,
1064 4258 1233 4340 praestan·
